3017 4725
540 563 544 570 .
716 540 756 553 -
773 504 812 568 Ω
828 540 869 552 -

318 649 451 736 partam
469 590 635 708 carminis
659 633 812 743 historin
836 633 1022 725 tribuerat,
1046 635 1194 710 aduram
1212 635 1264 709 ia·

369 746 381 818 1
414 800 426 820 ο
597 749 601 758 ’
661 809 666 817 Ι
743 769 748 779 .

320 748 585 931 ΜΡῖοοιεουίω
600 853 754 945 cuilibet,
776 855 807 928 si
827 866 940 929 certos
959 864 1102 927 eventus
1123 876 1265 929 narrum

212 1023 217 1032 .
271 973 276 981 '
320 967 415 1057 velit,
426 987 543 1038 nonne
552 963 795 1038 abstinendum
807 975 859 1038 est
873 963 1058 1061 quominus
1072 964 1160 1039 salsa
1168 987 1266 1038 reru

325 1099 393 1173 quc
404 1074 574 1149 misceat?
584 1073 771 1160 Historiam
785 1096 969 1165 amas,nec
977 1085 1096 1147 tamen
1110 1073 1265 1148 sabulum

322 1185 482 1260 fastidis?
505 1195 583 1272 ntra
604 1184 739 1279 placeat
761 1183 885 1281 magis,
911 1183 974 1259 tibi
993 1185 1165 1259 sumenda
1183 1197 1263 1260 est:

323 1319 458 1385 uerum,
485 1295 566 1369 licet
583 1293 744 1392 antiquos
764 1306 905 1369 eventus
922 1316 1055 1385 narres,
1079 1318 1153 1369 non
1170 1305 1268 1392 potes

323 1407 506 1481 historiam
523 1404 628 1478 simul
649 1426 791 1478 namara
804 1416 841 1479 ct
860 1428 1008 1480 ornare:
1028 1405 1114 1502 quid
1127 1428 1222 1495 uero,
1238 1404 1272 1479 si·

312 1515 550 1604 ‚recentiores
560 1514 631 1586 imo
644 1511 794 1608 aequales
807 1525 949 1587 eventus
960 1513 1081 1588 canis?

371 1624 580 1721 Huiusmodi
615 1621 900 1719 impedimentum
933 1624 1092 1725 superari
1121 1623 1176 1697 rel
1203 1622 1268 1697 cir·

327 1734 451 1810 cumiri
468 1733 607 1824 licebat,
628 1732 819 1808 dnmmodo
836 1733 1010 1807 Lucanns'
1020 1733 1135 1808 solnm
1151 1733 1268 1806 bisto-

328 1845 415 1917 riam
435 1842 590 1916 uersibus
611 1842 800 1916 scriberet:
822 1864 956 1933 rerum,
971 1842 1117 1940 juvenili
1149 1852 1269 1939 raptus

329 1954 490 2044 andacia,
502 1953 635 2049 justum
649 1974 732 2049 epos
748 1974 896 2048 pangere
915 1963 1038 2043 tentat,
1057 1963 1093 2026 ct
1112 1951 1269 2049 quamvis
1347 2003 1349 2008 -
1461 1971 1466 1980 ·

330 2086 409 2138 vern
426 2064 544 2138 dicere
561 2063 656 2152 velit,
684 2062 827 2135 deornm
854 2061 1059 2151 ministeria,
1093 2061 1269 2136 homerico

331 2196 439 2265 more,
451 2174 618 2247 adbibere
629 2182 787 2247 conatur.
799 2172 989 2247 Consilium
1001 2195 1073 2246 non
1086 2171 1267 2260 successit,

330 2284 478 2356 duarum
501 2302 618 2353 rerum
635 2277 746 2374 gratia
762 2302 772 2350 z
787 2277 952 2376 primum,
967 2278 1004 2351 in
1018 2278 1270 2353 recentioribus

332 2392 477 2480 eventis,
500 2390 678 2464 bominem
699 2390 814 2486 ipsum
839 2411 939 2485 agere
961 2389 1150 2466 dilucidius
1176 2400 1272 2488 putot

331 2525 438 2601 qnam
450 2512 491 2574 nt
503 2501 660 2575 homines
672 2523 740 2574 nnn
755 2511 877 2597 sponte
891 2522 992 2596 agere
1002 2502 1064 2575 scd
1080 2523 1103 2574 a
1117 2499 1185 2575 diis
1200 2500 1270 2596 agi,

332 2610 555 2686 asseverando
565 2610 742 2708 proficias3
764 2610 843 2685 dein
860 2609 1023 2684 obstabat
1039 2611 1222 2708 Epicurus.

379 2721 491 2796 Priori
506 2722 613 2811 dere,
632 2720 725 2814 vulgi
739 2720 896 2793 animum
906 2720 1043 2817 jurant,
1058 2720 1096 2792 in
1111 2719 1273 2817 antiqno·
1336 2724 1339 2733 '
1383 2724 1385 2731 ’

332 2854 411 2904 mm
423 2841 624 2905 eventorum
636 2832 845 2921 narratione,
853 2831 902 2905 dii
915 2829 1114 2905 bominibus
1127 2853 1271 2904 manum
1343 2926 1346 2931 ,

333 2940 548 3039 porrigentes
563 2965 574 3016 ι
589 2940 671 3014 inde
687 2942 872 3015 traduntur
884 2963 939 3033 ea,
959 2941 996 3014 in
1018 2942 1145 3040 quibus
1157 2941 1274 3015 snbnln

334 3051 508 3154 severitas
521 3050 720 3142 miscentur,
733 3056 921 3147 antequam
936 3073 1025 3148 pura
1043 3062 1187 3149 apparet
1205 3051 1276 3125 his·

334 3161 435 3236 toria.
451 3160 548 3235 Plebi
559 3161 715 3235 mirificas
726 3185 780 3236 res
792 3160 978 3258 imprimis,
994 3173 1031 3236 et
1047 3185 1153 3261 supra
1165 3174 1281 3261 natu-¹

336 3295 410 3345 ram
434 3272 623 3345 humanam
648 3271 862 3360 excedentes,
892 3272 1033 3368 placcnt
1057 3273 1275 3368 :preteritis

336 3405 417 3476 ergo
439 3381 649 3479 temporibus
669 3382 815 3455 mirifica
833 3393 953 3456 eventa
972 3381 1094 3477 vulgus
1111 3383 1274 3479 imputat,
1377 3444 1383 3457 .

266 3491 269 3497 ’
337 3516 414 3590 qum
437 3493 474 3565 in
496 3492 656 3589 praesenti
683 3492 1045 3566 noninveniat.1)ens
1069 3514 1150 3565 vero
1172 3484 1301 3566 rebns'

338 3602 586 3678 recentioribus
605 3602 708 3677 inseri
735 3625 806 3676 non
827 3602 955 3700 placet,
980 3601 1214 3676 etiamsinon
1238 3601 1275 3676 in

339 3714 413 3810 ipsa
440 3712 656 3786 audientium
682 3713 838 3809 regione,
867 3735 987 3787 verum
1017 3711 1055 3785 iu
1078 3711 1276 3809 longinquis

339 3823 439 3895 terris
456 3844 510 3895 ras
528 3824 660 3919 agitur,
673 3822 837 3896 Praescnti
855 3823 947 3897 enim
966 3822 1276 3920 tempore,omnia
1295 3813 1316 3823 '⁴
