<?xml version="1.0" encoding="UTF-8"?>
<!DOCTYPE html PUBLIC "-//W3C//DTD XHTML 1.0 Transitional//EN"
    "http://www.w3.org/TR/xhtml1/DTD/xhtml1-transitional.dtd">
<html xmlns="http://www.w3.org/1999/xhtml" xml:lang="en" lang="en">
 <head>
  <title>
</title>
<meta http-equiv="Content-Type" content="text/html;charset=utf-8" />
  <meta name='ocr-system' content='tesseract 3.04.00' />
  <meta name='ocr-capabilities' content='ocr_page ocr_carea ocr_par ocr_line ocrx_word'/>
</head>
<body>
  <div class='ocr_page' id='page_1' title='image "./dedeorumministe00sourgoog_0117.png"; bbox 0 0 3017 4725; ppageno 0'>
   <div class='ocr_carea' id='block_1_1' title="bbox 208 608 1391 3546">
    <p class='ocr_par' dir='ltr' id='par_1_1' title="bbox 208 608 1391 1477">
     <span class='ocr_line' id='line_1_1' title="bbox 208 608 1291 705; baseline 0.004 -24"><span class='ocrx_word' id='word_1_1' title='bbox 208 627 212 634; x_wconf 89' lang='grc'><em>·</em></span> <span class='ocrx_word' id='word_1_2' title='bbox 320 613 323 618; x_wconf 70' lang='grc'>“</span> <span class='ocrx_word' id='word_1_3' title='bbox 408 611 566 682; x_wconf 84' lang='lat' dir='ltr'>Lucanus</span> <span class='ocrx_word' id='word_1_4' title='bbox 577 619 699 682; x_wconf 85' lang='lat' dir='ltr'>eontra</span> <span class='ocrx_word' id='word_1_5' title='bbox 711 608 961 704; x_wconf 79' lang='lat' dir='ltr'>vellemquem</span> <span class='ocrx_word' id='word_1_6' title='bbox 978 610 1291 705; x_wconf 84' lang='lat' dir='ltr'>sequiturSeneea,</span> 
     </span>
     <span class='ocr_line' id='line_1_2' title="bbox 362 717 1296 818; baseline 0.002 -24"><span class='ocrx_word' id='word_1_7' title='bbox 362 720 502 818; x_wconf 81' lang='lat' dir='ltr'>omnine</span> <span class='ocrx_word' id='word_1_8' title='bbox 524 717 655 792; x_wconf 75' lang='lat' dir='ltr'><strong>fastidit</strong></span> <span class='ocrx_word' id='word_1_9' title='bbox 678 742 689 792; x_wconf 76' lang='grc' dir='ltr'><strong><em>ε</em></strong></span> <span class='ocrx_word' id='word_1_10' title='bbox 713 740 807 792; x_wconf 89' lang='lat' dir='ltr'>nune</span> <span class='ocrx_word' id='word_1_11' title='bbox 832 718 1025 793; x_wconf 73' lang='lat' dir='ltr'>Stoicorum</span> <span class='ocrx_word' id='word_1_12' title='bbox 1050 742 1177 811; x_wconf 83' lang='lat' dir='ltr'>arcem,</span> <span class='ocrx_word' id='word_1_13' title='bbox 1200 743 1296 796; x_wconf 85' lang='lat' dir='ltr'>nune</span> 
     </span>
     <span class='ocr_line' id='line_1_3' title="bbox 362 827 1391 927; baseline -0.002 -20"><span class='ocrx_word' id='word_1_14' title='bbox 362 828 607 925; x_wconf 79' lang='lat' dir='ltr'>Epicureorum</span> <span class='ocrx_word' id='word_1_15' title='bbox 621 827 746 902; x_wconf 83' lang='lat' dir='ltr'>coliem</span> <span class='ocrx_word' id='word_1_16' title='bbox 760 827 933 919; x_wconf 87' lang='lat' dir='ltr'>aseendit;</span> <span class='ocrx_word' id='word_1_17' title='bbox 951 829 1124 921; x_wconf 80' lang='lat' dir='ltr'>viridiore,</span> <span class='ocrx_word' id='word_1_18' title='bbox 1137 842 1297 927; x_wconf 89' lang='lat' dir='ltr'>quamut</span> <span class='ocrx_word' id='word_1_19' title='bbox 1388 852 1391 856; x_wconf 86' lang='lat'>·</span> 
     </span>
     <span class='ocr_line' id='line_1_4' title="bbox 361 937 1297 1037; baseline 0.003 -25"><span class='ocrx_word' id='word_1_20' title='bbox 361 938 533 1012; x_wconf 86' lang='lat' dir='ltr'>eontraria</span> <span class='ocrx_word' id='word_1_21' title='bbox 554 938 700 1013; x_wconf 77' lang='lat' dir='ltr'>Zenonis</span> <span class='ocrx_word' id='word_1_22' title='bbox 727 937 938 1035; x_wconf 75' lang='lat' dir='ltr'>Epicurique</span> <span class='ocrx_word' id='word_1_23' title='bbox 965 953 1136 1037; x_wconf 77' lang='lat' dir='ltr'>praecepta</span> <span class='ocrx_word' id='word_1_24' title='bbox 1155 963 1297 1037; x_wconf 82' lang='lat' dir='ltr'>nempe-</span> 
     </span>
     <span class='ocr_line' id='line_1_5' title="bbox 363 1047 1298 1148; baseline 0.003 -26"><span class='ocrx_word' id='word_1_25' title='bbox 363 1070 444 1124; x_wconf 87' lang='lat' dir='ltr'>nere</span> <span class='ocrx_word' id='word_1_26' title='bbox 453 1049 578 1146; x_wconf 85' lang='lat' dir='ltr'>pessit,</span> <span class='ocrx_word' id='word_1_27' title='bbox 596 1047 734 1145; x_wconf 77' lang='lat' dir='ltr'>ingenie</span> <span class='ocrx_word' id='word_1_28' title='bbox 748 1048 898 1145; x_wconf 81' lang='lat' dir='ltr'>rapitur3</span> <span class='ocrx_word' id='word_1_29' title='bbox 913 1048 1081 1147; x_wconf 82' lang='lat' dir='ltr'>imprimis</span> <span class='ocrx_word' id='word_1_30' title='bbox 1096 1073 1175 1125; x_wconf 84' lang='lat' dir='ltr'>veru</span> <span class='ocrx_word' id='word_1_31' title='bbox 1187 1049 1298 1148; x_wconf 88' lang='lat' dir='ltr'>ptaei·</span> 
     </span>
     <span class='ocr_line' id='line_1_6' title="bbox 362 1157 1295 1255; baseline 0.003 -25"><span class='ocrx_word' id='word_1_32' title='bbox 362 1157 443 1232; x_wconf 88' lang='lat' dir='ltr'>dam</span> <span class='ocrx_word' id='word_1_33' title='bbox 467 1158 689 1255; x_wconf 77' lang='lat' dir='ltr'>quietamque</span> <span class='ocrx_word' id='word_1_34' title='bbox 718 1157 858 1232; x_wconf 76' lang='lat' dir='ltr'>Senecae</span> <span class='ocrx_word' id='word_1_35' title='bbox 882 1158 1115 1233; x_wconf 69' lang='lat' dir='ltr'>urbanitatem</span> <span class='ocrx_word' id='word_1_36' title='bbox 1143 1159 1295 1253; x_wconf 71' lang='lat' dir='ltr'>ignorat3</span> 
     </span>
     <span class='ocr_line' id='line_1_7' title="bbox 361 1267 1300 1367; baseline 0 -24"><span class='ocrx_word' id='word_1_37' title='bbox 361 1269 568 1343; x_wconf 85' lang='lat' dir='ltr'>senteutiam</span> <span class='ocrx_word' id='word_1_38' title='bbox 582 1267 787 1364; x_wconf 88' lang='lat' dir='ltr'>quamdam,</span> <span class='ocrx_word' id='word_1_39' title='bbox 800 1268 920 1343; x_wconf 78' lang='lat' dir='ltr'>inVrta</span> <span class='ocrx_word' id='word_1_40' title='bbox 931 1270 1300 1367; x_wconf 73' lang='lat' dir='ltr'>poetaquaeinsuetn·</span> 
     </span>
     <span class='ocr_line' id='line_1_8' title="bbox 361 1377 1299 1477; baseline 0.001 -26"><span class='ocrx_word' id='word_1_41' title='bbox 361 1378 460 1451; x_wconf 89' lang='lat' dir='ltr'>nium</span> <span class='ocrx_word' id='word_1_42' title='bbox 488 1379 676 1467; x_wconf 85' lang='lat' dir='ltr'>eunsertur,</span> <span class='ocrx_word' id='word_1_43' title='bbox 710 1377 874 1452; x_wconf 89' lang='lat' dir='ltr'>traditam</span> <span class='ocrx_word' id='word_1_44' title='bbox 899 1401 945 1453; x_wconf 92' lang='lat' dir='ltr'>ne</span> <span class='ocrx_word' id='word_1_45' title='bbox 974 1380 1126 1476; x_wconf 77' lang='lat' dir='ltr'>proferre</span> <span class='ocrx_word' id='word_1_46' title='bbox 1156 1379 1299 1477; x_wconf 88' lang='lat' dir='ltr'>quidem</span> 
     </span>
    </p>

    <p class='ocr_par' dir='ltr' id='par_1_2' title="bbox 275 1486 1300 1810">
     <span class='ocr_line' id='line_1_9' title="bbox 275 1486 1300 1576; baseline 0 -15"><span class='ocrx_word' id='word_1_47' title='bbox 275 1569 280 1576; x_wconf 50' lang='grc'><em>,</em></span> <span class='ocrx_word' id='word_1_48' title='bbox 363 1487 553 1561; x_wconf 86' lang='lat' dir='ltr'>auderem:</span> <span class='ocrx_word' id='word_1_49' title='bbox 569 1486 712 1560; x_wconf 81' lang='lat' dir='ltr'>Lucane</span> <span class='ocrx_word' id='word_1_50' title='bbox 736 1486 947 1561; x_wconf 86' lang='lat' dir='ltr'>attieismum</span> <span class='ocrx_word' id='word_1_51' title='bbox 967 1488 1115 1562; x_wconf 77' lang='lat' dir='ltr'>uetuisse</span> <span class='ocrx_word' id='word_1_52' title='bbox 1136 1488 1300 1561; x_wconf 78' lang='lat' dir='ltr'>manifes-</span> 
     </span>
     <span class='ocr_line' id='line_1_10' title="bbox 293 1595 1300 1672; baseline 0.004 -5"><span class='ocrx_word' id='word_1_53' title='bbox 293 1598 297 1604; x_wconf 85' lang='lat'>&#39;</span> <span class='ocrx_word' id='word_1_54' title='bbox 363 1607 439 1670; x_wconf 89' lang='lat' dir='ltr'>tum</span> <span class='ocrx_word' id='word_1_55' title='bbox 451 1605 504 1669; x_wconf 88' lang='lat' dir='ltr'>est</span> <span class='ocrx_word' id='word_1_56' title='bbox 517 1618 527 1667; x_wconf 91' lang='lat'>:</span> <span class='ocrx_word' id='word_1_57' title='bbox 541 1596 612 1669; x_wconf 86' lang='lat' dir='ltr'>ima</span> <span class='ocrx_word' id='word_1_58' title='bbox 625 1617 741 1669; x_wconf 83' lang='lat' dir='ltr'>nonne</span> <span class='ocrx_word' id='word_1_59' title='bbox 753 1595 945 1671; x_wconf 83' lang='lat' dir='ltr'>istiusmodi</span> <span class='ocrx_word' id='word_1_60' title='bbox 954 1598 1088 1672; x_wconf 82' lang='lat' dir='ltr'>iacetiae</span> <span class='ocrx_word' id='word_1_61' title='bbox 1100 1597 1183 1670; x_wconf 86' lang='lat' dir='ltr'>itale</span> <span class='ocrx_word' id='word_1_62' title='bbox 1202 1608 1300 1671; x_wconf 85' lang='lat' dir='ltr'>aeetu</span> 
     </span>
     <span class='ocr_line' id='line_1_11' title="bbox 363 1706 1210 1810; baseline 0.001 -27"><span class='ocrx_word' id='word_1_63' title='bbox 363 1706 511 1783; x_wconf 74' lang='lat' dir='ltr'>aerioma</span> <span class='ocrx_word' id='word_1_64' title='bbox 523 1707 651 1810; x_wconf 72' lang='lat' dir='ltr'>sunt¹i</span> <span class='ocrx_word' id='word_1_65' title='bbox 964 1781 969 1784; x_wconf 82' lang='grc'><strong>,</strong></span> <span class='ocrx_word' id='word_1_66' title='bbox 1026 1779 1031 1784; x_wconf 89' lang='grc'>.</span> <span class='ocrx_word' id='word_1_67' title='bbox 1172 1771 1175 1776; x_wconf 95' lang='grc'><em>.</em></span> <span class='ocrx_word' id='word_1_68' title='bbox 1206 1736 1210 1743; x_wconf 94' lang='grc'><em>·</em></span> 
     </span>
    </p>

    <p class='ocr_par' dir='ltr' id='par_1_3' title="bbox 365 1810 1309 3458">
     <span class='ocr_line' id='line_1_12' title="bbox 410 1810 1302 1917; baseline 0 -26"><span class='ocrx_word' id='word_1_69' title='bbox 410 1817 567 1917; x_wconf 81' lang='lat' dir='ltr'>Terrenti</span> <span class='ocrx_word' id='word_1_70' title='bbox 579 1826 690 1915; x_wconf 77' lang='lat' dir='ltr'>poetae</span> <span class='ocrx_word' id='word_1_71' title='bbox 703 1816 843 1913; x_wconf 78' lang='lat' dir='ltr'>ingenia</span> <span class='ocrx_word' id='word_1_72' title='bbox 856 1810 1094 1891; x_wconf 81' lang='lat' dir='ltr'>obsistendum</span> <span class='ocrx_word' id='word_1_73' title='bbox 1112 1828 1211 1905; x_wconf 83' lang='lat' dir='ltr'>erat:</span> <span class='ocrx_word' id='word_1_74' title='bbox 1227 1817 1302 1891; x_wconf 88' lang='lat' dir='ltr'>eni·</span> 
     </span>
     <span class='ocr_line' id='line_1_13' title="bbox 365 1927 1303 2025; baseline 0.001 -24"><span class='ocrx_word' id='word_1_75' title='bbox 365 1928 414 2001; x_wconf 90' lang='lat' dir='ltr'>mi</span> <span class='ocrx_word' id='word_1_76' title='bbox 431 1942 525 2002; x_wconf 82' lang='lat' dir='ltr'>extra</span> <span class='ocrx_word' id='word_1_77' title='bbox 541 1928 632 2025; x_wconf 82' lang='lat' dir='ltr'>ripas</span> <span class='ocrx_word' id='word_1_78' title='bbox 650 1938 692 2001; x_wconf 92' lang='lat' dir='ltr'>nt</span> <span class='ocrx_word' id='word_1_79' title='bbox 704 1928 754 2002; x_wconf 89' lang='lat' dir='ltr'>ita</span> <span class='ocrx_word' id='word_1_80' title='bbox 767 1928 881 2002; x_wconf 88' lang='lat' dir='ltr'>dieam</span> <span class='ocrx_word' id='word_1_81' title='bbox 894 1927 1093 2018; x_wconf 85' lang='lat' dir='ltr'>diffluentis,</span> <span class='ocrx_word' id='word_1_82' title='bbox 1106 1950 1149 2003; x_wconf 88' lang='lat' dir='ltr'>ne</span> <span class='ocrx_word' id='word_1_83' title='bbox 1166 1928 1303 2003; x_wconf 80' lang='lat' dir='ltr'>curiose</span> 
     </span>
     <span class='ocr_line' id='line_1_14' title="bbox 366 2037 1304 2142; baseline 0 -29"><span class='ocrx_word' id='word_1_84' title='bbox 366 2038 560 2129; x_wconf 80' lang='lat' dir='ltr'>coercendi,</span> <span class='ocrx_word' id='word_1_85' title='bbox 575 2048 717 2113; x_wconf 79' lang='lat' dir='ltr'>curator</span> <span class='ocrx_word' id='word_1_86' title='bbox 737 2038 905 2135; x_wconf 88' lang='lat' dir='ltr'>pessimus</span> <span class='ocrx_word' id='word_1_87' title='bbox 926 2037 992 2112; x_wconf 80' lang='lat' dir='ltr'>tuit</span> <span class='ocrx_word' id='word_1_88' title='bbox 1010 2038 1153 2142; x_wconf 79' lang='lat' dir='ltr'>Seneca,</span> <span class='ocrx_word' id='word_1_89' title='bbox 1168 2039 1304 2114; x_wconf 76' lang='lat' dir='ltr'>facilior</span> 
     </span>
     <span class='ocr_line' id='line_1_15' title="bbox 366 2148 1305 2245; baseline 0.001 -21"><span class='ocrx_word' id='word_1_90' title='bbox 366 2171 409 2224; x_wconf 88' lang='lat' dir='ltr'>ae</span> <span class='ocrx_word' id='word_1_91' title='bbox 421 2148 582 2224; x_wconf 87' lang='lat' dir='ltr'>subtilior</span> <span class='ocrx_word' id='word_1_92' title='bbox 594 2148 771 2245; x_wconf 78' lang='lat' dir='ltr'>magister.</span> <span class='ocrx_word' id='word_1_93' title='bbox 786 2149 938 2237; x_wconf 82' lang='lat' dir='ltr'>Lucana,</span> <span class='ocrx_word' id='word_1_94' title='bbox 961 2159 1002 2222; x_wconf 92' lang='lat' dir='ltr'>ut</span> <span class='ocrx_word' id='word_1_95' title='bbox 1020 2148 1158 2224; x_wconf 73' lang='lat' dir='ltr'>eutimius</span> <span class='ocrx_word' id='word_1_96' title='bbox 1180 2152 1305 2225; x_wconf 87' lang='lat' dir='ltr'>mentis</span> 
     </span>
     <span class='ocr_line' id='line_1_16' title="bbox 366 2259 1302 2356; baseline 0.001 -23"><span class='ocrx_word' id='word_1_97' title='bbox 366 2259 1118 2356; x_wconf 77' lang='lat' dir='ltr'>facultatesproierret‚0puseratpedagoge</span> <span class='ocrx_word' id='word_1_98' title='bbox 1131 2259 1302 2356; x_wconf 79' lang='lat' dir='ltr'>rigidiore,</span> 
     </span>
     <span class='ocr_line' id='line_1_17' title="bbox 369 2369 1307 2462; baseline 0 -18"><span class='ocrx_word' id='word_1_99' title='bbox 369 2371 520 2452; x_wconf 85' lang='lat' dir='ltr'>habenas</span> <span class='ocrx_word' id='word_1_100' title='bbox 538 2392 608 2444; x_wconf 88' lang='lat' dir='ltr'>non</span> <span class='ocrx_word' id='word_1_101' title='bbox 635 2370 845 2462; x_wconf 87' lang='lat' dir='ltr'>remittente,</span> <span class='ocrx_word' id='word_1_102' title='bbox 867 2369 928 2442; x_wconf 85' lang='lat' dir='ltr'>sed</span> <span class='ocrx_word' id='word_1_103' title='bbox 947 2369 1152 2460; x_wconf 82' lang='lat' dir='ltr'>adducente,</span> <span class='ocrx_word' id='word_1_104' title='bbox 1171 2371 1307 2457; x_wconf 80' lang='lat' dir='ltr'>scilieet</span> 
     </span>
     <span class='ocr_line' id='line_1_18' title="bbox 367 2478 1303 2577; baseline -0.006 -21"><span class='ocrx_word' id='word_1_105' title='bbox 367 2481 532 2571; x_wconf 83' lang='lat' dir='ltr'>Cornuto,</span> <span class='ocrx_word' id='word_1_106' title='bbox 542 2480 643 2577; x_wconf 85' lang='lat' dir='ltr'>eujus</span> <span class='ocrx_word' id='word_1_107' title='bbox 653 2480 797 2554; x_wconf 88' lang='lat' dir='ltr'>domum</span> <span class='ocrx_word' id='word_1_108' title='bbox 810 2478 922 2551; x_wconf 89' lang='lat' dir='ltr'>rarius</span> <span class='ocrx_word' id='word_1_109' title='bbox 932 2479 1058 2552; x_wconf 83' lang='lat' dir='ltr'>Noster</span> <span class='ocrx_word' id='word_1_110' title='bbox 1066 2479 1303 2574; x_wconf 80' lang='lat' dir='ltr'>frequentavit,</span> 
     </span>
     <span class='ocr_line' id='line_1_19' title="bbox 368 2587 1305 2686; baseline -0.002 -22"><span class='ocrx_word' id='word_1_111' title='bbox 368 2591 554 2686; x_wconf 76' lang='lat' dir='ltr'>sepissime</span> <span class='ocrx_word' id='word_1_112' title='bbox 567 2611 648 2664; x_wconf 84' lang='lat' dir='ltr'>reru</span> <span class='ocrx_word' id='word_1_113' title='bbox 665 2588 799 2664; x_wconf 82' lang='lat' dir='ltr'>Lucani</span> <span class='ocrx_word' id='word_1_114' title='bbox 814 2590 973 2677; x_wconf 77' lang='lat' dir='ltr'>aemulus,</span> <span class='ocrx_word' id='word_1_115' title='bbox 992 2587 1157 2668; x_wconf 80' lang='lat' dir='ltr'>Persius’.</span> <span class='ocrx_word' id='word_1_116' title='bbox 1177 2589 1305 2674; x_wconf 87' lang='lat' dir='ltr'>Quanti</span> 
     </span>
     <span class='ocr_line' id='line_1_20' title="bbox 369 2698 1303 2794; baseline -0.001 -21"><span class='ocrx_word' id='word_1_117' title='bbox 369 2699 536 2793; x_wconf 83' lang='lat' dir='ltr'>momenti</span> <span class='ocrx_word' id='word_1_118' title='bbox 549 2699 594 2773; x_wconf 90' lang='lat' dir='ltr'>ad</span> <span class='ocrx_word' id='word_1_119' title='bbox 609 2698 869 2774; x_wconf 76' lang='lat' dir='ltr'>informandum</span> <span class='ocrx_word' id='word_1_120' title='bbox 883 2710 996 2772; x_wconf 86' lang='lat' dir='ltr'>vatem</span> <span class='ocrx_word' id='word_1_121' title='bbox 1006 2699 1119 2772; x_wconf 85' lang='lat' dir='ltr'>valeat</span> <span class='ocrx_word' id='word_1_122' title='bbox 1127 2698 1303 2794; x_wconf 80' lang='lat' dir='ltr'>magister,</span> 
     </span>
     <span class='ocr_line' id='line_1_21' title="bbox 370 2807 1307 2905; baseline -0.002 -21"><span class='ocrx_word' id='word_1_123' title='bbox 370 2810 546 2884; x_wconf 78' lang='lat' dir='ltr'>declarant</span> <span class='ocrx_word' id='word_1_124' title='bbox 564 2809 718 2884; x_wconf 86' lang='lat' dir='ltr'>simulet</span> <span class='ocrx_word' id='word_1_125' title='bbox 739 2809 902 2885; x_wconf 82' lang='lat' dir='ltr'>Lucanus</span> <span class='ocrx_word' id='word_1_126' title='bbox 916 2821 951 2882; x_wconf 89' lang='lat' dir='ltr'>et</span> <span class='ocrx_word' id='word_1_127' title='bbox 966 2808 1126 2882; x_wconf 87' lang='lat' dir='ltr'>Persius:</span> <span class='ocrx_word' id='word_1_128' title='bbox 1145 2808 1215 2895; x_wconf 88' lang='lat' dir='ltr'>hie,</span> <span class='ocrx_word' id='word_1_129' title='bbox 1230 2807 1307 2905; x_wconf 87' lang='lat' dir='ltr'>qui·</span> 
     </span>
     <span class='ocr_line' id='line_1_22' title="bbox 370 2918 1308 3016; baseline 0 -23"><span class='ocrx_word' id='word_1_130' title='bbox 370 2919 462 3009; x_wconf 87' lang='lat' dir='ltr'>dem,</span> <span class='ocrx_word' id='word_1_131' title='bbox 477 2921 591 2994; x_wconf 87' lang='lat' dir='ltr'>minor</span> <span class='ocrx_word' id='word_1_132' title='bbox 603 2919 754 3016; x_wconf 78' lang='lat' dir='ltr'>ingenio,</span> <span class='ocrx_word' id='word_1_133' title='bbox 772 2941 890 2993; x_wconf 85' lang='lat' dir='ltr'>versus</span> <span class='ocrx_word' id='word_1_134' title='bbox 902 2941 1027 3015; x_wconf 86' lang='lat' dir='ltr'>parum</span> <span class='ocrx_word' id='word_1_135' title='bbox 1045 2918 1169 3008; x_wconf 82' lang='lat' dir='ltr'>clarus,</span> <span class='ocrx_word' id='word_1_136' title='bbox 1183 2941 1308 3016; x_wconf 91' lang='lat' dir='ltr'>quam·</span> 
     </span>
     <span class='ocr_line' id='line_1_23' title="bbox 370 3019 1306 3128; baseline -0.001 -25"><span class='ocrx_word' id='word_1_137' title='bbox 370 3032 420 3104; x_wconf 82' lang='lat' dir='ltr'>uis</span> <span class='ocrx_word' id='word_1_138' title='bbox 434 3031 554 3105; x_wconf 82' lang='lat' dir='ltr'>incudi</span> <span class='ocrx_word' id='word_1_139' title='bbox 574 3019 701 3128; x_wconf 76' lang='lat' dir='ltr'>saepius</span> <span class='ocrx_word' id='word_1_140' title='bbox 718 3031 918 3118; x_wconf 89' lang='lat' dir='ltr'>reddantur,</span> <span class='ocrx_word' id='word_1_141' title='bbox 938 3051 1082 3126; x_wconf 86' lang='lat' dir='ltr'>operose</span> <span class='ocrx_word' id='word_1_142' title='bbox 1104 3030 1306 3121; x_wconf 79' lang='lat' dir='ltr'>fabricatur,</span> 
     </span>
     <span class='ocr_line' id='line_1_24' title="bbox 371 3140 1309 3239; baseline -0.003 -24"><span class='ocrx_word' id='word_1_143' title='bbox 371 3142 456 3215; x_wconf 93' lang='lat' dir='ltr'>dum</span> <span class='ocrx_word' id='word_1_144' title='bbox 472 3142 565 3239; x_wconf 89' lang='lat' dir='ltr'>apud</span> <span class='ocrx_word' id='word_1_145' title='bbox 578 3141 679 3214; x_wconf 90' lang='lat' dir='ltr'>illum</span> <span class='ocrx_word' id='word_1_146' title='bbox 692 3140 1202 3230; x_wconf 83' lang='lat' dir='ltr'>iluuntrarrninasententiosa3</span> <span class='ocrx_word' id='word_1_147' title='bbox 1223 3141 1309 3214; x_wconf 91' lang='lat' dir='ltr'>Per·</span> 
     </span>
     <span class='ocr_line' id='line_1_25' title="bbox 372 3251 1309 3347; baseline -0.002 -23"><span class='ocrx_word' id='word_1_148' title='bbox 372 3251 443 3325; x_wconf 91' lang='lat' dir='ltr'>sius</span> <span class='ocrx_word' id='word_1_149' title='bbox 474 3264 590 3327; x_wconf 88' lang='lat' dir='ltr'>tamen</span> <span class='ocrx_word' id='word_1_150' title='bbox 614 3252 757 3325; x_wconf 83' lang='lat' dir='ltr'>Lucane</span> <span class='ocrx_word' id='word_1_151' title='bbox 776 3261 913 3347; x_wconf 76' lang='lat' dir='ltr'>praestat</span> <span class='ocrx_word' id='word_1_152' title='bbox 936 3252 1005 3326; x_wconf 88' lang='lat' dir='ltr'>hae</span> <span class='ocrx_word' id='word_1_153' title='bbox 1030 3251 1074 3324; x_wconf 95' lang='lat' dir='ltr'>de</span> <span class='ocrx_word' id='word_1_154' title='bbox 1099 3273 1168 3325; x_wconf 88' lang='lat' dir='ltr'>re:</span> <span class='ocrx_word' id='word_1_155' title='bbox 1190 3270 1309 3323; x_wconf 88' lang='lat' dir='ltr'>seeum</span> 
     </span>
     <span class='ocr_line' id='line_1_26' title="bbox 373 3360 1171 3458; baseline -0.006 -23"><span class='ocrx_word' id='word_1_156' title='bbox 373 3372 522 3452; x_wconf 81' lang='lat' dir='ltr'>constat,</span> <span class='ocrx_word' id='word_1_157' title='bbox 538 3363 655 3436; x_wconf 83' lang='lat' dir='ltr'>stoieae</span> <span class='ocrx_word' id='word_1_158' title='bbox 669 3360 864 3458; x_wconf 75' lang='lat' dir='ltr'>disciplinae</span> <span class='ocrx_word' id='word_1_159' title='bbox 876 3372 1030 3434; x_wconf 80' lang='lat' dir='ltr'>tenorem</span> <span class='ocrx_word' id='word_1_160' title='bbox 1047 3368 1171 3433; x_wconf 84' lang='lat' dir='ltr'>serrat.</span> 
     </span>
    </p>

    <p class='ocr_par' dir='ltr' id='par_1_4' title="bbox 418 3465 1359 3546">
     <span class='ocr_line' id='line_1_27' title="bbox 418 3465 1359 3546; baseline -0.005 -2"><span class='ocrx_word' id='word_1_161' title='bbox 418 3471 465 3545; x_wconf 89' lang='lat' dir='ltr'>Ut</span> <span class='ocrx_word' id='word_1_162' title='bbox 487 3472 626 3546; x_wconf 78' lang='lat' dir='ltr'>Senecae</span> <span class='ocrx_word' id='word_1_163' title='bbox 648 3470 785 3546; x_wconf 84' lang='lat' dir='ltr'>Lucilio</span> <span class='ocrx_word' id='word_1_164' title='bbox 812 3496 832 3543; x_wconf 75' lang='lat' dir='ltr'>a</span> <span class='ocrx_word' id='word_1_165' title='bbox 857 3469 941 3545; x_wconf 88' lang='lat' dir='ltr'>time</span> <span class='ocrx_word' id='word_1_166' title='bbox 957 3468 1133 3543; x_wconf 87' lang='lat' dir='ltr'>hominem</span> <span class='ocrx_word' id='word_1_167' title='bbox 1150 3466 1255 3540; x_wconf 88' lang='lat' dir='ltr'>unius</span> <span class='ocrx_word' id='word_1_168' title='bbox 1272 3465 1314 3540; x_wconf 87' lang='lat' dir='ltr'>li·</span> <span class='ocrx_word' id='word_1_169' title='bbox 1354 3468 1359 3481; x_wconf 86' lang='lat'>&#39;</span> 
     </span>
    </p>
   </div>
   <div class='ocr_carea' id='block_1_2' title="bbox 297 3645 1313 3895">
    <p class='ocr_par' dir='ltr' id='par_1_5' title="bbox 297 3645 1313 3895">
     <span class='ocr_line' id='line_1_28' title="bbox 401 3645 1313 3778; baseline 0 -25"><span class='ocrx_word' id='word_1_170' title='bbox 401 3645 926 3778; x_wconf 45' lang='lat' dir='ltr'>{fidffirfsswn’giidi’r&#39;issm</span> <span class='ocrx_word' id='word_1_171' title='bbox 943 3706 1017 3755; x_wconf 76' lang='lat' dir='ltr'>etiam</span> <span class='ocrx_word' id='word_1_172' title='bbox 1032 3706 1164 3763; x_wconf 72' lang='lat' dir='ltr'>insanum,</span> <span class='ocrx_word' id='word_1_173' title='bbox 1179 3716 1313 3776; x_wconf 59' lang='lat' dir='ltr'>quamn</span> 
     </span>
     <span class='ocr_line' id='line_1_29' title="bbox 373 3764 1313 3834; baseline 0 -20"><span class='ocrx_word' id='word_1_174' title='bbox 373 3768 506 3816; x_wconf 78' lang='lat' dir='ltr'>audituram</span> <span class='ocrx_word' id='word_1_175' title='bbox 520 3768 628 3815; x_wconf 72' lang='lat' dir='ltr'>Cornuti.</span> <span class='ocrx_word' id='word_1_176' title='bbox 648 3768 708 3815; x_wconf 79' lang='lat' dir='ltr'>itanu</span> <span class='ocrx_word' id='word_1_177' title='bbox 722 3767 843 3815; x_wconf 72' lang='lat' dir='ltr'>Cornutus</span> <span class='ocrx_word' id='word_1_178' title='bbox 860 3769 903 3815; x_wconf 80' lang='lat' dir='ltr'>utta</span> <span class='ocrx_word' id='word_1_179' title='bbox 919 3772 968 3814; x_wconf 75' lang='lat' dir='ltr'>tenu</span> <span class='ocrx_word' id='word_1_180' title='bbox 1001 3779 1029 3815; x_wconf 78' lang='lat' dir='ltr'>re</span> <span class='ocrx_word' id='word_1_181' title='bbox 1048 3764 1154 3834; x_wconf 63' lang='lat' dir='ltr'>ingiam</span> <span class='ocrx_word' id='word_1_182' title='bbox 1170 3764 1224 3824; x_wconf 80' lang='lat' dir='ltr'>init,</span> <span class='ocrx_word' id='word_1_183' title='bbox 1241 3768 1313 3814; x_wconf 73' lang='lat' dir='ltr'>nant·</span> 
     </span>
     <span class='ocr_line' id='line_1_30' title="bbox 297 3824 1303 3895; baseline 0.001 -20"><span class='ocrx_word' id='word_1_184' title='bbox 297 3884 302 3895; x_wconf 44' lang='grc'>,</span> <span class='ocrx_word' id='word_1_185' title='bbox 373 3827 463 3886; x_wconf 67' lang='lat' dir='ltr'>stoica,</span> <span class='ocrx_word' id='word_1_186' title='bbox 476 3826 517 3887; x_wconf 75' lang='lat' dir='ltr'>qut</span> <span class='ocrx_word' id='word_1_187' title='bbox 533 3826 781 3890; x_wconf 70' lang='lat' dir='ltr'>tibmptriieuopirio</span> <span class='ocrx_word' id='word_1_188' title='bbox 795 3826 950 3888; x_wconf 69' lang='lat' dir='ltr'>reliquiar(</span> <span class='ocrx_word' id='word_1_189' title='bbox 972 3827 1007 3875; x_wconf 78' lang='lat' dir='ltr'>ru</span> <span class='ocrx_word' id='word_1_190' title='bbox 1016 3824 1116 3888; x_wconf 61' lang='grc' dir='ltr'>Μ)</span> <span class='ocrx_word' id='word_1_191' title='bbox 1200 3834 1203 3840; x_wconf 91' lang='grc'><em>“</em></span> <span class='ocrx_word' id='word_1_192' title='bbox 1235 3843 1239 3850; x_wconf 92' lang='grc'><em>·</em></span> <span class='ocrx_word' id='word_1_193' title='bbox 1279 3844 1303 3851; x_wconf 86' lang='grc'>··</span> 
     </span>
    </p>
   </div>
   <div class='ocr_carea' id='block_1_3' title="bbox 0 0 1530 4725">
    <p class='ocr_par' dir='ltr' id='par_1_6' title="bbox 0 0 1530 4725">
     <span class='ocr_line' id='line_1_31' title="bbox 0 0 1530 4725; baseline 0 0"><span class='ocrx_word' id='word_1_194' title='bbox 0 0 1530 4725; x_wconf 95' lang='lat' dir='ltr'> </span> 
     </span>
    </p>
   </div>
  </div>
 </body>
</html>
