3017 4725
613 1025 817 1130 ‘urruns
936 1080 940 1085 ·
1043 1027 1048 1035 ’

139 1351 142 1357 ’
183 1378 187 1384 ’
245 1379 542 1474 ¹r.ut:uuus,s1our
566 1389 634 1443 mu
658 1388 774 1442 runnu
798 1388 954 1445 unrocus
975 1388 1021 1444 nr
1042 1358 1188 1463 suumn,
1249 1469 1252 1474 1

566 1499 670 1553 sruun
686 1498 888 1554 nummum
968 1522 973 1530 ·

348 1673 353 1682 ,
402 1609 447 1662 nr
465 1581 610 1666 zenonis
628 1595 811 1665 uomnmn
826 1610 1040 1667 ussnumrun

260 1969 264 1975 .
297 1905 478 1989 Quomodo
495 1906 629 1980 Lucani
646 1906 691 1980 de
706 1906 962 1997 diis'doctrina,
975 1908 1206 2004 deorumque

251 2012 290 2086 in
302 2015 484 2106 Pharsalia
496 2015 702 2108 ministeria,
713 2039 784 2090 non
796 2016 886 2091 bene
899 2017 1039 2115 (Ῑιιίᾶοω
1051 2017 1192 2093 interae
1239 2051 1241 2054 ’

251 2124 473 2215 cohaerentia,
497 2138 615 2199 tamen
635 2126 760 2223 exponi
781 2139 925 2223 queant,
944 2127 975 2202 si
995 2127 1047 2202 uis
1066 2127 1195 2202 intelli-

150 2289 154 2297 .
251 2256 346 2328 gare,
365 2236 449 2309 huic
466 2235 720 2310 ratiocinationi
744 2237 995 2312 attendendum
1010 2254 1086 2325 ost:
1099 2236 1195 2342 apori

184 2342 188 2348 ’
251 2354 392 2441 poetam
408 2355 580 2435 nostrum,
595 2344 736 2436 scholae,
751 2343 836 2420 olim
851 2345 1015 2435 inimicae,
1029 2346 1067 2419 in
1081 2369 1194 2420 nnnm

253 2465 399 2545 coeunt3
413 2455 468 2529 uel
487 2456 616 2552 potius,
635 2456 799 2530 Lucanus
812 2478 878 2531 nec
896 2457 1032 2531 Stoicus
1045 2468 1113 2547 est,
1128 2478 1195 2530 nec

27 2660 32 2668 ι
102 2576 107 2585 ’
135 2582 137 2585 ’
253 2566 459 2663 Epicureus,
477 2588 543 2640 nec
560 2567 789 2662 scepticorum
807 2578 923 2640 castra
937 2567 1196 2664 petit3uerum,

254 2676 344 2750 nulli
360 2676 527 2750 doctrine
540 2677 739 2777 constrictus,
758 2687 797 2749 at
814 2699 936 2751 secum
952 2677 1026 2773 ipse
1045 2676 1196 2766 ducors,

180 2873 193 2880 ,
253 2787 407 2860 nuncin
433 2787 573 2883 Epicuri
596 2787 703 2860 uerba
725 2786 836 2882 jurat,
861 2808 959 2861 nunc
983 2786 1115 2882 rigidus
1139 2786 1195 2877 fit,

254 2894 449 2988 duramque
462 2894 657 2967 Stoicorum
676 2893 839 2967 uirtutem
857 2893 1093 2989 amplectitur.
1113 2892 1196 2967 Non

254 3014 488 3098 repugnantes
513 3003 688 3077 doctrinas
711 3001 899 3077 conciliare
920 3012 1050 3075 tentat:
1067 3002 1196 3099 Epicu·

253 3134 350 3186 ream
363 3113 559 3187 doctrinam
573 3104 838 3217 Stoicorumque
852 3111 1106 3209 philosophiam
1125 3133 1197 3186 non

253 3223 441 3319 componit,
458 3223 688 3318 sedapponit.
703 3223 777 3296 Nec
789 3221 932 3296 mirum.

183 3349 186 3353 ·
299 3333 461 3422 iamdiu,
487 3332 600 3406 uerbis
623 3332 737 3406 solum
759 3331 1053 3429 discrepantibus,
1077 3355 1198 3407 rerum

254 3454 382 3516 natura
400 3453 640 3537 comparatum
660 3442 773 3514 iuerat
788 3453 829 3514 ut
843 3442 1016 3538 Epicurus
1035 3452 1072 3514 et
1090 3442 1198 3533 reno,

254 3553 350 3649 apud
372 3552 523 3642 Graecos,
541 3551 602 3647 qui
625 3549 784 3625 obscuris
807 3550 1058 3648 quaestionibus
1081 3551 1200 3644 stude-

40 3736 42 3741 ,
255 3672 347 3750 rent,
362 3661 509 3750 inimici,
522 3662 616 3757 apud
629 3663 820 3753 Romanos,
833 3659 997 3757 simplicis
1009 3660 1198 3758 activaque

136 3773 140 3777 “
256 3770 423 3845 doctrinae
444 3767 629 3863 amatores,
651 3771 689 3845 in
710 3772 856 3869 gratiam
879 3763 1202 3872 reconciliarentur}

550 4129 730 4235 ,κ’
