<?xml version="1.0" encoding="UTF-8"?>
<!DOCTYPE html PUBLIC "-//W3C//DTD XHTML 1.0 Transitional//EN"
    "http://www.w3.org/TR/xhtml1/DTD/xhtml1-transitional.dtd">
<html xmlns="http://www.w3.org/1999/xhtml" xml:lang="en" lang="en">
 <head>
  <title>
</title>
<meta http-equiv="Content-Type" content="text/html;charset=utf-8" />
  <meta name='ocr-system' content='tesseract 3.04.00' />
  <meta name='ocr-capabilities' content='ocr_page ocr_carea ocr_par ocr_line ocrx_word'/>
</head>
<body>
  <div class='ocr_page' id='page_1' title='image "./dedeorumministe00sourgoog_0013.png"; bbox 0 0 3017 4725; ppageno 0'>
   <div class='ocr_carea' id='block_1_1' title="bbox 338 546 1276 989">
    <p class='ocr_par' dir='ltr' id='par_1_1' title="bbox 338 546 1276 989">
     <span class='ocr_line' id='line_1_1' title="bbox 736 546 872 607; baseline -0.022 -15"><span class='ocrx_word' id='word_1_1' title='bbox 736 578 777 592; x_wconf 93' lang='grc'><strong>..</strong></span> <span class='ocrx_word' id='word_1_2' title='bbox 795 546 814 607; x_wconf 68' lang='lat'>2</span> <span class='ocrx_word' id='word_1_3' title='bbox 832 573 872 589; x_wconf 92' lang='lat'><strong>..</strong></span> 
     </span>
     <span class='ocr_line' id='line_1_2' title="bbox 338 663 1276 805; baseline -0.019 -51"><span class='ocrx_word' id='word_1_4' title='bbox 338 680 615 805; x_wconf 60' lang='lat' dir='ltr'><strong>magicasartes,</strong></span> <span class='ocrx_word' id='word_1_5' title='bbox 639 697 717 773; x_wconf 79' lang='lat' dir='ltr'><strong>qua</strong></span> <span class='ocrx_word' id='word_1_6' title='bbox 738 668 914 767; x_wconf 73' lang='lat' dir='ltr'><strong>religionis</strong></span> <span class='ocrx_word' id='word_1_7' title='bbox 935 663 1144 784; x_wconf 82' lang='lat' dir='ltr'><strong>pietatisque</strong></span> <span class='ocrx_word' id='word_1_8' title='bbox 1165 663 1276 739; x_wconf 88' lang='lat' dir='ltr'><strong>ricem</strong></span> 
     </span>
     <span class='ocr_line' id='line_1_3' title="bbox 338 789 1275 989; baseline -0.023 -13"><span class='ocrx_word' id='word_1_9' title='bbox 338 789 532 989; x_wconf 51' lang='lat' dir='ltr'><strong>Oblllelllc,</strong></span> <span class='ocrx_word' id='word_1_10' title='bbox 547 835 696 972; x_wconf 70' lang='lat' dir='ltr'><strong>serenus</strong></span> <span class='ocrx_word' id='word_1_11' title='bbox 712 892 757 967; x_wconf 86' lang='lat' dir='ltr'><strong>de</strong></span> <span class='ocrx_word' id='word_1_12' title='bbox 769 892 912 965; x_wconf 83' lang='lat' dir='ltr'><strong>Lucano</strong></span> <span class='ocrx_word' id='word_1_13' title='bbox 921 885 1094 985; x_wconf 84' lang='lat' dir='ltr'><strong>judicium</strong></span> <span class='ocrx_word' id='word_1_14' title='bbox 1104 882 1200 971; x_wconf 89' lang='lat' dir='ltr'><strong>iacit,</strong></span> <span class='ocrx_word' id='word_1_15' title='bbox 1215 882 1275 980; x_wconf 86' lang='lat' dir='ltr'><strong>qui</strong></span> 
     </span>
    </p>
   </div>
   <div class='ocr_carea' id='block_1_2' title="bbox 241 992 1349 2743">
    <p class='ocr_par' dir='ltr' id='par_1_2' title="bbox 333 992 1278 1413">
     <span class='ocr_line' id='line_1_4' title="bbox 339 992 1278 1105; baseline -0.021 -21"><span class='ocrx_word' id='word_1_16' title='bbox 339 1010 543 1105; x_wconf 85' lang='lat' dir='ltr'><strong>profiteatur</strong></span> <span class='ocrx_word' id='word_1_17' title='bbox 560 1002 774 1080; x_wconf 73' lang='lat' dir='ltr'><strong>Pharsaliam</strong></span> <span class='ocrx_word' id='word_1_18' title='bbox 794 999 936 1073; x_wconf 79' lang='lat' dir='ltr'><strong>tedium</strong></span> <span class='ocrx_word' id='word_1_19' title='bbox 958 996 1113 1070; x_wconf 86' lang='lat' dir='ltr'><strong>allerre¹.</strong></span> <span class='ocrx_word' id='word_1_20' title='bbox 1133 992 1187 1067; x_wconf 82' lang='lat' dir='ltr'><strong>hb</strong></span> <span class='ocrx_word' id='word_1_21' title='bbox 1208 992 1278 1065; x_wconf 87' lang='lat' dir='ltr'><strong>hu·</strong></span> 
     </span>
     <span class='ocr_line' id='line_1_5' title="bbox 333 1100 1278 1214; baseline -0.018 -22"><span class='ocrx_word' id='word_1_22' title='bbox 333 1118 489 1214; x_wconf 82' lang='lat' dir='ltr'><strong>jusmodi</strong></span> <span class='ocrx_word' id='word_1_23' title='bbox 513 1112 682 1191; x_wconf 88' lang='lat' dir='ltr'><strong>sententia</strong></span> <span class='ocrx_word' id='word_1_24' title='bbox 708 1111 895 1185; x_wconf 86' lang='lat' dir='ltr'><strong>abhorrere</strong></span> <span class='ocrx_word' id='word_1_25' title='bbox 918 1106 1012 1194; x_wconf 89' lang='lat' dir='ltr'><strong>licet,</strong></span> <span class='ocrx_word' id='word_1_26' title='bbox 1038 1114 1074 1179; x_wconf 92' lang='lat' dir='ltr'><strong>et</strong></span> <span class='ocrx_word' id='word_1_27' title='bbox 1099 1102 1214 1201; x_wconf 89' lang='lat' dir='ltr'><strong>potins</strong></span> <span class='ocrx_word' id='word_1_28' title='bbox 1239 1100 1278 1185; x_wconf 73' lang='lat' dir='ltr'><strong>in,</strong></span> 
     </span>
     <span class='ocr_line' id='line_1_6' title="bbox 338 1213 1276 1322; baseline -0.02 -18"><span class='ocrx_word' id='word_1_29' title='bbox 338 1228 545 1304; x_wconf 75' lang='lat' dir='ltr'><strong>sententiam</strong></span> <span class='ocrx_word' id='word_1_30' title='bbox 570 1234 680 1322; x_wconf 78' lang='lat' dir='ltr'><strong>poeta</strong></span> <span class='ocrx_word' id='word_1_31' title='bbox 710 1220 754 1295; x_wconf 87' lang='lat' dir='ltr'><strong>de</strong></span> <span class='ocrx_word' id='word_1_32' title='bbox 781 1228 883 1317; x_wconf 91' lang='lat' dir='ltr'><strong>poeta</strong></span> <span class='ocrx_word' id='word_1_33' title='bbox 913 1214 1104 1313; x_wconf 83' lang='lat' dir='ltr'><strong>judicantis</strong></span> <span class='ocrx_word' id='word_1_34' title='bbox 1136 1213 1276 1288; x_wconf 86' lang='lat' dir='ltr'><strong>descen·</strong></span> 
     </span>
     <span class='ocr_line' id='line_1_7' title="bbox 337 1336 779 1413; baseline -0.005 -2"><span class='ocrx_word' id='word_1_35' title='bbox 337 1336 460 1413; x_wconf 52' lang='lat' dir='ltr'><strong>dere&amp;</strong></span> <span class='ocrx_word' id='word_1_36' title='bbox 507 1397 515 1408; x_wconf 89' lang='lat'><strong>.</strong></span> <span class='ocrx_word' id='word_1_37' title='bbox 776 1403 779 1409; x_wconf 90' lang='grc'><em>,</em></span> 
     </span>
    </p>

    <p class='ocr_par' dir='ltr' id='par_1_3' title="bbox 337 1435 1278 1975">
     <span class='ocr_line' id='line_1_8' title="bbox 382 1435 1276 1533; baseline -0.016 -11"><span class='ocrx_word' id='word_1_38' title='bbox 382 1448 553 1522; x_wconf 74' lang='lat' dir='ltr'><strong>Caeterum</strong></span> <span class='ocrx_word' id='word_1_39' title='bbox 577 1443 683 1518; x_wconf 88' lang='lat' dir='ltr'><strong>Gallis</strong></span> <span class='ocrx_word' id='word_1_40' title='bbox 702 1444 747 1517; x_wconf 90' lang='lat' dir='ltr'><strong>de</strong></span> <span class='ocrx_word' id='word_1_41' title='bbox 767 1440 924 1514; x_wconf 82' lang='lat' dir='ltr'><strong>Romano</strong></span> <span class='ocrx_word' id='word_1_42' title='bbox 947 1435 1114 1533; x_wconf 75' lang='lat' dir='ltr'>scriptore</span> <span class='ocrx_word' id='word_1_43' title='bbox 1135 1447 1276 1511; x_wconf 88' lang='lat' dir='ltr'><strong>senten·</strong></span> 
     </span>
     <span class='ocr_line' id='line_1_9' title="bbox 337 1544 1278 1656; baseline -0.014 -27"><span class='ocrx_word' id='word_1_44' title='bbox 337 1556 420 1629; x_wconf 90' lang='lat' dir='ltr'><strong>tiam</strong></span> <span class='ocrx_word' id='word_1_45' title='bbox 447 1577 514 1628; x_wconf 89' lang='lat' dir='ltr'><strong>noo</strong></span> <span class='ocrx_word' id='word_1_46' title='bbox 546 1553 699 1656; x_wconf 82' lang='lat' dir='ltr'><strong>dandam</strong></span> <span class='ocrx_word' id='word_1_47' title='bbox 715 1571 810 1625; x_wconf 79' lang='lat' dir='ltr'><strong>‘esse</strong></span> <span class='ocrx_word' id='word_1_48' title='bbox 845 1548 1024 1622; x_wconf 85' lang='lat' dir='ltr'><strong>confiteor.</strong></span> <span class='ocrx_word' id='word_1_49' title='bbox 1054 1546 1145 1633; x_wconf 82' lang='lat' dir='ltr'><strong>Quid</strong></span> <span class='ocrx_word' id='word_1_50' title='bbox 1169 1544 1278 1619; x_wconf 83' lang='lat' dir='ltr'><strong>rerol</strong></span> 
     </span>
     <span class='ocr_line' id='line_1_10' title="bbox 337 1655 1275 1753; baseline -0.012 -14"><span class='ocrx_word' id='word_1_51' title='bbox 337 1667 459 1739; x_wconf 87' lang='lat' dir='ltr'><strong>Nonne</strong></span> <span class='ocrx_word' id='word_1_52' title='bbox 478 1663 704 1750; x_wconf 81' lang='lat' dir='ltr'><strong>Pharsaliam,</strong></span> <span class='ocrx_word' id='word_1_53' title='bbox 721 1661 858 1734; x_wconf 84' lang='lat' dir='ltr'><strong>Nerone</strong></span> <span class='ocrx_word' id='word_1_54' title='bbox 877 1655 1082 1753; x_wconf 88' lang='lat' dir='ltr'><strong>imperante,</strong></span> <span class='ocrx_word' id='word_1_55' title='bbox 1105 1655 1140 1729; x_wconf 91' lang='lat' dir='ltr'><strong>iu</strong></span> <span class='ocrx_word' id='word_1_56' title='bbox 1152 1655 1275 1749; x_wconf 77' lang='lat' dir='ltr'><strong>vulgus</strong></span> 
     </span>
     <span class='ocr_line' id='line_1_11' title="bbox 338 1764 1275 1870; baseline -0.013 -22"><span class='ocrx_word' id='word_1_57' title='bbox 338 1774 517 1870; x_wconf 86' lang='lat' dir='ltr'><strong>probatam</strong></span> <span class='ocrx_word' id='word_1_58' title='bbox 532 1772 638 1845; x_wconf 89' lang='lat' dir='ltr'><strong>luisse</strong></span> <span class='ocrx_word' id='word_1_59' title='bbox 658 1768 821 1844; x_wconf 84' lang='lat' dir='ltr'><strong>onustati</strong></span> <span class='ocrx_word' id='word_1_60' title='bbox 834 1766 928 1852; x_wconf 83' lang='lat' dir='ltr'><strong>Quas</strong></span> <span class='ocrx_word' id='word_1_61' title='bbox 940 1766 986 1840; x_wconf 94' lang='lat' dir='ltr'><strong>ob</strong></span> <span class='ocrx_word' id='word_1_62' title='bbox 1005 1786 1127 1839; x_wconf 86' lang='lat' dir='ltr'><strong>causas</strong></span> <span class='ocrx_word' id='word_1_63' title='bbox 1145 1765 1191 1838; x_wconf 86' lang='lat' dir='ltr'><strong>ati</strong></span> <span class='ocrx_word' id='word_1_64' title='bbox 1212 1764 1275 1837; x_wconf 83' lang='lat' dir='ltr'><strong>de·</strong></span> 
     </span>
     <span class='ocr_line' id='line_1_12' title="bbox 337 1873 1232 1975; baseline -0.006 -17"><span class='ocrx_word' id='word_1_65' title='bbox 337 1882 555 1959; x_wconf 81' lang='lat' dir='ltr'><strong>lectationem</strong></span> <span class='ocrx_word' id='word_1_66' title='bbox 569 1880 881 1975; x_wconf 84' lang='lat' dir='ltr'><strong>auditommaptus</strong></span> <span class='ocrx_word' id='word_1_67' title='bbox 894 1876 959 1949; x_wconf 85' lang='lat' dir='ltr'><strong>luit</strong></span> <span class='ocrx_word' id='word_1_68' title='bbox 972 1875 1106 1949; x_wconf 84' lang='lat' dir='ltr'><strong>Lucani</strong></span> <span class='ocrx_word' id='word_1_69' title='bbox 1119 1873 1232 1953; x_wconf 75' lang='lat' dir='ltr'><strong>liber?</strong></span> 
     </span>
    </p>

    <p class='ocr_par' dir='ltr' id='par_1_4' title="bbox 241 1983 1349 2743">
     <span class='ocr_line' id='line_1_13' title="bbox 337 1983 1343 2087; baseline -0.013 -20"><span class='ocrx_word' id='word_1_70' title='bbox 337 2011 340 2017; x_wconf 69' lang='grc'>“</span> <span class='ocrx_word' id='word_1_71' title='bbox 383 1992 509 2067; x_wconf 89' lang='lat' dir='ltr'><strong>Omnia</strong></span> <span class='ocrx_word' id='word_1_72' title='bbox 533 2012 610 2087; x_wconf 77' lang='lat' dir='ltr'><strong>quae</strong></span> <span class='ocrx_word' id='word_1_73' title='bbox 629 1990 675 2063; x_wconf 90' lang='lat' dir='ltr'><strong>ad</strong></span> <span class='ocrx_word' id='word_1_74' title='bbox 698 2010 774 2062; x_wconf 85' lang='lat' dir='ltr'><strong>rem</strong></span> <span class='ocrx_word' id='word_1_75' title='bbox 799 1986 974 2083; x_wconf 81' lang='lat' dir='ltr'><strong>publicam</strong></span> <span class='ocrx_word' id='word_1_76' title='bbox 999 1984 1050 2057; x_wconf 88' lang='lat' dir='ltr'><strong>vel</strong></span> <span class='ocrx_word' id='word_1_77' title='bbox 1071 1983 1115 2057; x_wconf 87' lang='lat' dir='ltr'><strong>ad</strong></span> <span class='ocrx_word' id='word_1_78' title='bbox 1140 1983 1274 2056; x_wconf 76' lang='lat' dir='ltr'><strong>litteras</strong></span> <span class='ocrx_word' id='word_1_79' title='bbox 1341 1995 1343 1998; x_wconf 82' lang='grc'><strong>’</strong></span> 
     </span>
     <span class='ocr_line' id='line_1_14' title="bbox 241 2093 1276 2194; baseline -0.013 -16"><span class='ocrx_word' id='word_1_80' title='bbox 241 2183 246 2191; x_wconf 65' lang='grc'><em>,</em></span> <span class='ocrx_word' id='word_1_81' title='bbox 266 2144 269 2149; x_wconf 95' lang='grc'>-</span> <span class='ocrx_word' id='word_1_82' title='bbox 338 2103 451 2177; x_wconf 88' lang='lat' dir='ltr'><strong>solum</strong></span> <span class='ocrx_word' id='word_1_83' title='bbox 468 2103 501 2173; x_wconf 89' lang='lat' dir='ltr'><strong>in</strong></span> <span class='ocrx_word' id='word_1_84' title='bbox 516 2098 697 2173; x_wconf 86' lang='lat' dir='ltr'><strong>Pharsalia</strong></span> <span class='ocrx_word' id='word_1_85' title='bbox 712 2107 886 2194; x_wconf 91' lang='lat' dir='ltr'><strong>spectant,</strong></span> <span class='ocrx_word' id='word_1_86' title='bbox 901 2095 1032 2192; x_wconf 85' lang='lat' dir='ltr'><strong>quippe</strong></span> <span class='ocrx_word' id='word_1_87' title='bbox 1044 2117 1121 2190; x_wconf 78' lang='lat' dir='ltr'><strong>qum</strong></span> <span class='ocrx_word' id='word_1_88' title='bbox 1134 2093 1221 2168; x_wconf 87' lang='lat' dir='ltr'><strong>bene</strong></span> <span class='ocrx_word' id='word_1_89' title='bbox 1231 2114 1276 2166; x_wconf 90' lang='lat' dir='ltr'><strong>ao</strong></span> 
     </span>
     <span class='ocr_line' id='line_1_15' title="bbox 339 2204 1276 2307; baseline -0.012 -21"><span class='ocrx_word' id='word_1_90' title='bbox 339 2210 529 2307; x_wconf 84' lang='lat' dir='ltr'><strong>composite</strong></span> <span class='ocrx_word' id='word_1_91' title='bbox 554 2231 576 2282; x_wconf 93' lang='lat' dir='ltr'><strong>a</strong></span> <span class='ocrx_word' id='word_1_92' title='bbox 602 2207 832 2304; x_wconf 72' lang='lat' dir='ltr'><strong>grammatico</strong></span> <span class='ocrx_word' id='word_1_93' title='bbox 858 2229 963 2303; x_wconf 85' lang='lat' dir='ltr'><strong>quem</strong></span> <span class='ocrx_word' id='word_1_94' title='bbox 997 2226 1102 2301; x_wconf 90' lang='lat' dir='ltr'><strong>supra</strong></span> <span class='ocrx_word' id='word_1_95' title='bbox 1130 2204 1276 2300; x_wconf 86' lang='lat' dir='ltr'><strong>indicari</strong></span> 
     </span>
     <span class='ocr_line' id='line_1_16' title="bbox 336 2314 1278 2416; baseline -0.008 -20"><span class='ocrx_word' id='word_1_96' title='bbox 336 2322 514 2396; x_wconf 88' lang='lat' dir='ltr'><strong>elaborata</strong></span> <span class='ocrx_word' id='word_1_97' title='bbox 541 2319 627 2411; x_wconf 87' lang='lat' dir='ltr'><strong>sint,</strong></span> <span class='ocrx_word' id='word_1_98' title='bbox 642 2316 917 2416; x_wconf 77' lang='lat' dir='ltr'><strong>praetermittam,</strong></span> <span class='ocrx_word' id='word_1_99' title='bbox 932 2316 1028 2391; x_wconf 89' lang='lat' dir='ltr'><strong>locos</strong></span> <span class='ocrx_word' id='word_1_100' title='bbox 1047 2315 1107 2413; x_wconf 88' lang='lat' dir='ltr'><strong>qui</strong></span> <span class='ocrx_word' id='word_1_101' title='bbox 1133 2315 1176 2391; x_wconf 87' lang='lat' dir='ltr'><strong>ad</strong></span> <span class='ocrx_word' id='word_1_102' title='bbox 1199 2314 1278 2390; x_wconf 89' lang='lat' dir='ltr'><strong>reli·</strong></span> 
     </span>
     <span class='ocr_line' id='line_1_17' title="bbox 275 2427 1274 2534; baseline -0.006 -27"><span class='ocrx_word' id='word_1_103' title='bbox 275 2528 279 2534; x_wconf 20' lang='grc' dir='ltr'>Ι</span> <span class='ocrx_word' id='word_1_104' title='bbox 338 2433 474 2529; x_wconf 69' lang='lat' dir='ltr'><strong>pionem</strong></span> <span class='ocrx_word' id='word_1_105' title='bbox 488 2427 813 2528; x_wconf 87' lang='lat' dir='ltr'><strong>philosophiamque</strong></span> <span class='ocrx_word' id='word_1_106' title='bbox 825 2428 1020 2525; x_wconf 84' lang='lat' dir='ltr'><strong>pertineant</strong></span> <span class='ocrx_word' id='word_1_107' title='bbox 1033 2427 1274 2504; x_wconf 87' lang='lat' dir='ltr'><strong>tantummodo</strong></span> 
     </span>
     <span class='ocr_line' id='line_1_18' title="bbox 338 2540 1205 2616; baseline -0.015 0"><span class='ocrx_word' id='word_1_108' title='bbox 338 2540 630 2616; x_wconf 66' lang='lat' dir='ltr'><strong>scrutaretur-ur.</strong></span> <span class='ocrx_word' id='word_1_109' title='bbox 684 2569 686 2577; x_wconf 31' lang='lat' dir='ltr'><strong>r</strong></span> <span class='ocrx_word' id='word_1_110' title='bbox 931 2594 933 2599; x_wconf 25' lang='lat'><strong>⁴</strong></span> <span class='ocrx_word' id='word_1_111' title='bbox 1166 2554 1170 2559; x_wconf 91' lang='lat'>·</span> <span class='ocrx_word' id='word_1_112' title='bbox 1204 2578 1205 2581; x_wconf 56' lang='lat'><em>=</em></span> 
     </span>
     <span class='ocr_line' id='line_1_19' title="bbox 385 2644 1349 2743; baseline -0.004 -19"><span class='ocrx_word' id='word_1_113' title='bbox 385 2648 577 2735; x_wconf 88' lang='lat' dir='ltr'><strong>Pharsalia,</strong></span> <span class='ocrx_word' id='word_1_114' title='bbox 596 2649 696 2743; x_wconf 86' lang='lat' dir='ltr'><strong>cujus</strong></span> <span class='ocrx_word' id='word_1_115' title='bbox 714 2647 863 2720; x_wconf 77' lang='lat' dir='ltr'><strong>ior-mam</strong></span> <span class='ocrx_word' id='word_1_116' title='bbox 877 2644 1073 2741; x_wconf 86' lang='lat' dir='ltr'><strong>vituperare</strong></span> <span class='ocrx_word' id='word_1_117' title='bbox 1099 2647 1192 2733; x_wconf 89' lang='lat' dir='ltr'><strong>licet,</strong></span> <span class='ocrx_word' id='word_1_118' title='bbox 1208 2649 1278 2722; x_wconf 89' lang='lat' dir='ltr'><strong>lec·</strong></span> <span class='ocrx_word' id='word_1_119' title='bbox 1344 2654 1349 2664; x_wconf 89' lang='lat'>&#39;</span> 
     </span>
    </p>
   </div>
   <div class='ocr_carea' id='block_1_3' title="bbox 339 2756 1458 2862">
    <p class='ocr_par' dir='ltr' id='par_1_5' title="bbox 339 2756 1458 2862">
     <span class='ocr_line' id='line_1_20' title="bbox 339 2756 1458 2862; baseline -0.002 -31"><span class='ocrx_word' id='word_1_120' title='bbox 339 2760 434 2850; x_wconf 88' lang='lat' dir='ltr'><strong>toris,</strong></span> <span class='ocrx_word' id='word_1_121' title='bbox 459 2758 647 2832; x_wconf 87' lang='lat' dir='ltr'><strong>dummodo</strong></span> <span class='ocrx_word' id='word_1_122' title='bbox 667 2756 1000 2852; x_wconf 85' lang='lat' dir='ltr'><strong>poematisriscera,</strong></span> <span class='ocrx_word' id='word_1_123' title='bbox 1020 2758 1128 2832; x_wconf 86' lang='lat' dir='ltr'><strong>atita</strong></span> <span class='ocrx_word' id='word_1_124' title='bbox 1148 2758 1274 2849; x_wconf 86' lang='lat' dir='ltr'><strong>dicam,</strong></span> <span class='ocrx_word' id='word_1_125' title='bbox 1322 2759 1327 2769; x_wconf 86' lang='lat'>&#39;</span> <span class='ocrx_word' id='word_1_126' title='bbox 1386 2816 1388 2820; x_wconf 92' lang='lat'>.</span> <span class='ocrx_word' id='word_1_127' title='bbox 1454 2854 1458 2862; x_wconf 23' lang='grc' dir='ltr'>Ι</span> 
     </span>
    </p>
   </div>
   <div class='ocr_carea' id='block_1_4' title="bbox 339 2865 1407 3512">
    <p class='ocr_par' dir='ltr' id='par_1_6' title="bbox 339 2865 1407 3512">
     <span class='ocr_line' id='line_1_21' title="bbox 339 2865 1274 2962; baseline -0.002 -19"><span class='ocrx_word' id='word_1_128' title='bbox 339 2870 553 2957; x_wconf 86' lang='lat' dir='ltr'><strong>consideret,</strong></span> <span class='ocrx_word' id='word_1_129' title='bbox 575 2866 720 2962; x_wconf 73' lang='lat' dir='ltr'><strong>gratiam</strong></span> <span class='ocrx_word' id='word_1_130' title='bbox 747 2866 964 2961; x_wconf 76' lang='lat' dir='ltr'><strong>latoremque</strong></span> <span class='ocrx_word' id='word_1_131' title='bbox 992 2865 1058 2940; x_wconf 91' lang='lat' dir='ltr'><strong>sihi</strong></span> <span class='ocrx_word' id='word_1_132' title='bbox 1087 2867 1274 2942; x_wconf 87' lang='lat' dir='ltr'><strong>conciliat:</strong></span> 
     </span>
     <span class='ocr_line' id='line_1_22' title="bbox 339 2974 1276 3074; baseline 0.001 -22"><span class='ocrx_word' id='word_1_133' title='bbox 339 2978 532 3074; x_wconf 84' lang='lat' dir='ltr'><strong>quidecim</strong></span> <span class='ocrx_word' id='word_1_134' title='bbox 555 2975 658 3072; x_wconf 89' lang='lat' dir='ltr'><strong>hujus</strong></span> <span class='ocrx_word' id='word_1_135' title='bbox 690 2974 856 3070; x_wconf 86' lang='lat' dir='ltr'><strong>temporis</strong></span> <span class='ocrx_word' id='word_1_136' title='bbox 875 2974 1034 3050; x_wconf 87' lang='lat' dir='ltr'><strong>homines</strong></span> <span class='ocrx_word' id='word_1_137' title='bbox 1059 2977 1103 3051; x_wconf 84' lang='lat' dir='ltr'><strong>de</strong></span> <span class='ocrx_word' id='word_1_138' title='bbox 1131 2977 1198 3052; x_wconf 83' lang='lat' dir='ltr'><strong>(liis</strong></span> <span class='ocrx_word' id='word_1_139' title='bbox 1224 2980 1276 3054; x_wconf 86' lang='lat' dir='ltr'><strong>vel</strong></span> 
     </span>
     <span class='ocr_line' id='line_1_23' title="bbox 339 3085 1276 3185; baseline 0.002 -23"><span class='ocrx_word' id='word_1_140' title='bbox 339 3090 383 3162; x_wconf 87' lang='lat' dir='ltr'><strong>dc</strong></span> <span class='ocrx_word' id='word_1_141' title='bbox 396 3086 615 3185; x_wconf 86' lang='lat' dir='ltr'><strong>philosophia</strong></span> <span class='ocrx_word' id='word_1_142' title='bbox 631 3085 812 3173; x_wconf 83' lang='lat' dir='ltr'><strong>senserint,</strong></span> <span class='ocrx_word' id='word_1_143' title='bbox 833 3106 897 3158; x_wconf 88' lang='lat' dir='ltr'><strong>nos</strong></span> <span class='ocrx_word' id='word_1_144' title='bbox 913 3097 1043 3159; x_wconf 87' lang='lat' dir='ltr'><strong>mouet.</strong></span> <span class='ocrx_word' id='word_1_145' title='bbox 1062 3128 1110 3143; x_wconf 92' lang='lat'>-</span> <span class='ocrx_word' id='word_1_146' title='bbox 1122 3089 1166 3162; x_wconf 82' lang='lat' dir='ltr'><strong>At</strong></span> <span class='ocrx_word' id='word_1_147' title='bbox 1183 3090 1276 3165; x_wconf 86' lang='lat' dir='ltr'><strong>enim</strong></span> 
     </span>
     <span class='ocr_line' id='line_1_24' title="bbox 340 3195 1277 3290; baseline 0.003 -19"><span class='ocrx_word' id='word_1_148' title='bbox 340 3199 502 3271; x_wconf 87' lang='lat' dir='ltr'><strong>Lucanus</strong></span> <span class='ocrx_word' id='word_1_149' title='bbox 528 3217 594 3268; x_wconf 94' lang='lat' dir='ltr'><strong>non</strong></span> <span class='ocrx_word' id='word_1_150' title='bbox 625 3195 739 3268; x_wconf 82' lang='lat' dir='ltr'><strong>solunt</strong></span> <span class='ocrx_word' id='word_1_151' title='bbox 765 3195 914 3268; x_wconf 90' lang='lat' dir='ltr'><strong>aliorum</strong></span> <span class='ocrx_word' id='word_1_152' title='bbox 943 3195 1136 3270; x_wconf 87' lang='lat' dir='ltr'><strong>doctrinam</strong></span> <span class='ocrx_word' id='word_1_153' title='bbox 1159 3200 1277 3290; x_wconf 87' lang='lat' dir='ltr'><strong>relert,</strong></span> 
     </span>
     <span class='ocr_line' id='line_1_25' title="bbox 340 3303 1278 3402; baseline 0.009 -25"><span class='ocrx_word' id='word_1_154' title='bbox 340 3328 458 3380; x_wconf 83' lang='lat' dir='ltr'><strong>rorum</strong></span> <span class='ocrx_word' id='word_1_155' title='bbox 477 3304 644 3401; x_wconf 85' lang='lat' dir='ltr'><strong>imprimis</strong></span> <span class='ocrx_word' id='word_1_156' title='bbox 662 3304 839 3400; x_wconf 87' lang='lat' dir='ltr'><strong>propriam</strong></span> <span class='ocrx_word' id='word_1_157' title='bbox 858 3303 984 3379; x_wconf 81' lang='lat' dir='ltr'><strong>sibiae</strong></span> <span class='ocrx_word' id='word_1_158' title='bbox 1005 3305 1216 3402; x_wconf 85' lang='lat' dir='ltr'><strong>peculiarem</strong></span> <span class='ocrx_word' id='word_1_159' title='bbox 1234 3310 1278 3385; x_wconf 85' lang='lat' dir='ltr'><strong>de</strong></span> 
     </span>
     <span class='ocr_line' id='line_1_26' title="bbox 340 3414 1407 3512; baseline 0.004 -24"><span class='ocrx_word' id='word_1_160' title='bbox 340 3416 504 3512; x_wconf 77' lang='lat' dir='ltr'><strong>religione</strong></span> <span class='ocrx_word' id='word_1_161' title='bbox 517 3437 559 3489; x_wconf 88' lang='lat' dir='ltr'><strong>ac</strong></span> <span class='ocrx_word' id='word_1_162' title='bbox 573 3414 855 3511; x_wconf 88' lang='lat' dir='ltr'><strong>philosophorum</strong></span> <span class='ocrx_word' id='word_1_163' title='bbox 871 3414 1010 3488; x_wconf 74' lang='lat' dir='ltr'><strong>familiis</strong></span> <span class='ocrx_word' id='word_1_164' title='bbox 1026 3416 1195 3489; x_wconf 87' lang='lat' dir='ltr'><strong>rationem</strong></span> <span class='ocrx_word' id='word_1_165' title='bbox 1209 3428 1278 3492; x_wconf 89' lang='lat' dir='ltr'><strong>tra·</strong></span> <span class='ocrx_word' id='word_1_166' title='bbox 1405 3492 1407 3501; x_wconf 84' lang='grc'><strong>,</strong></span> 
     </span>
    </p>
   </div>
   <div class='ocr_carea' id='block_1_5' title="bbox 371 3591 1234 3657">
    <p class='ocr_par' dir='ltr' id='par_1_7' title="bbox 371 3591 1234 3657">
     <span class='ocr_line' id='line_1_27' title="bbox 371 3591 1234 3657; baseline 0.001 -16"><span class='ocrx_word' id='word_1_167' title='bbox 371 3593 393 3642; x_wconf 84' lang='lat' dir='ltr'><strong>l.</strong></span> <span class='ocrx_word' id='word_1_168' title='bbox 407 3593 458 3642; x_wconf 77' lang='lat' dir='ltr'><strong>alo</strong></span> <span class='ocrx_word' id='word_1_169' title='bbox 469 3606 530 3642; x_wconf 78' lang='lat' dir='ltr'><strong>teus</strong></span> <span class='ocrx_word' id='word_1_170' title='bbox 539 3591 666 3654; x_wconf 79' lang='lat' dir='ltr'><strong>expliquer</strong></span> <span class='ocrx_word' id='word_1_171' title='bbox 678 3597 867 3643; x_wconf 72' lang='lat' dir='ltr'><strong>commentores</strong></span> <span class='ocrx_word' id='word_1_172' title='bbox 877 3595 909 3643; x_wconf 80' lang='lat' dir='ltr'><strong>clo</strong></span> <span class='ocrx_word' id='word_1_173' title='bbox 918 3595 1023 3657; x_wconf 64' lang='lat' dir='ltr'><strong>arsulae</strong></span> <span class='ocrx_word' id='word_1_174' title='bbox 1076 3595 1174 3655; x_wconf 58' lang='lat' dir='ltr'><strong>ullust</strong></span> <span class='ocrx_word' id='word_1_175' title='bbox 1186 3595 1234 3645; x_wconf 84' lang='lat' dir='ltr'><strong>mai</strong></span> 
     </span>
    </p>
   </div>
   <div class='ocr_carea' id='block_1_6' title="bbox 199 3595 1238 3718">
    <p class='ocr_par' dir='ltr' id='par_1_8' title="bbox 199 3595 1238 3718">
     <span class='ocr_line' id='line_1_28' title="bbox 199 3595 1238 3718; baseline 0.005 -18"><span class='ocrx_word' id='word_1_176' title='bbox 199 3679 204 3689; x_wconf 89' lang='lat'><strong>·</strong></span> <span class='ocrx_word' id='word_1_177' title='bbox 340 3653 370 3701; x_wconf 84' lang='lat' dir='ltr'><strong>tls</strong></span> <span class='ocrx_word' id='word_1_178' title='bbox 386 3654 490 3715; x_wconf 67' lang='lat' dir='ltr'><strong>mutuor</strong></span> <span class='ocrx_word' id='word_1_179' title='bbox 501 3651 610 3710; x_wconf 64' lang='lat' dir='ltr'><strong>Marwa,</strong></span> <span class='ocrx_word' id='word_1_180' title='bbox 618 3652 644 3700; x_wconf 84' lang='lat' dir='ltr'><strong>la</strong></span> <span class='ocrx_word' id='word_1_181' title='bbox 658 3651 776 3702; x_wconf 76' lang='lat' dir='ltr'><strong>Pharsalo</strong></span> <span class='ocrx_word' id='word_1_182' title='bbox 787 3659 826 3702; x_wconf 81' lang='lat' dir='ltr'><strong>cat</strong></span> <span class='ocrx_word' id='word_1_183' title='bbox 838 3667 871 3702; x_wconf 85' lang='lat' dir='ltr'><strong>uu</strong></span> <span class='ocrx_word' id='word_1_184' title='bbox 884 3654 947 3702; x_wconf 82' lang='lat' dir='ltr'><strong>livro</strong></span> <span class='ocrx_word' id='word_1_185' title='bbox 959 3595 1098 3718; x_wconf 39' lang='lat' dir='ltr'><strong>nonnil&amp;</strong></span> <span class='ocrx_word' id='word_1_186' title='bbox 1113 3655 1173 3715; x_wconf 67' lang='lat' dir='ltr'><strong>scs.</strong></span> <span class='ocrx_word' id='word_1_187' title='bbox 1186 3653 1238 3705; x_wconf 59' lang='lat' dir='ltr'><strong>lli</strong></span> 
     </span>
    </p>
   </div>
   <div class='ocr_carea' id='block_1_7' title="bbox 369 3710 1279 3773">
    <p class='ocr_par' dir='ltr' id='par_1_9' title="bbox 369 3710 1279 3773">
     <span class='ocr_line' id='line_1_29' title="bbox 369 3710 1279 3773; baseline 0.005 -14"><span class='ocrx_word' id='word_1_188' title='bbox 369 3710 394 3759; x_wconf 63' lang='grc' dir='ltr'><strong>ἱ.</strong></span> <span class='ocrx_word' id='word_1_189' title='bbox 412 3728 423 3756; x_wconf 82' lang='lat' dir='ltr'><strong>r</strong></span> <span class='ocrx_word' id='word_1_190' title='bbox 439 3713 469 3760; x_wconf 78' lang='lat' dir='ltr'><strong>tc</strong></span> <span class='ocrx_word' id='word_1_191' title='bbox 479 3711 549 3773; x_wconf 74' lang='lat' dir='ltr'><strong>poete</strong></span> <span class='ocrx_word' id='word_1_192' title='bbox 563 3711 662 3765; x_wconf 69' lang='lat' dir='ltr'><strong>barcala,</strong></span> <span class='ocrx_word' id='word_1_193' title='bbox 678 3713 738 3759; x_wconf 83' lang='lat' dir='ltr'><strong>rtont</strong></span> <span class='ocrx_word' id='word_1_194' title='bbox 750 3714 774 3761; x_wconf 85' lang='lat' dir='ltr'><strong>la</strong></span> <span class='ocrx_word' id='word_1_195' title='bbox 785 3712 879 3761; x_wconf 80' lang='lat' dir='ltr'><strong>lecturo</strong></span> <span class='ocrx_word' id='word_1_196' title='bbox 890 3714 936 3761; x_wconf 85' lang='lat' dir='ltr'><strong>m&#39;a</strong></span> <span class='ocrx_word' id='word_1_197' title='bbox 948 3715 1026 3762; x_wconf 77' lang='lat' dir='ltr'><strong>reatu</strong></span> <span class='ocrx_word' id='word_1_198' title='bbox 1035 3714 1056 3763; x_wconf 87' lang='lat' dir='ltr'><strong>ri</strong></span> <span class='ocrx_word' id='word_1_199' title='bbox 1067 3726 1202 3764; x_wconf 79' lang='lat' dir='ltr'><strong>artocreas</strong></span> <span class='ocrx_word' id='word_1_200' title='bbox 1215 3715 1246 3764; x_wconf 82' lang='lat' dir='ltr'><strong>tle</strong></span> <span class='ocrx_word' id='word_1_201' title='bbox 1255 3716 1279 3764; x_wconf 84' lang='lat' dir='ltr'><strong>la</strong></span> 
     </span>
    </p>
   </div>
   <div class='ocr_carea' id='block_1_8' title="bbox 232 3769 1311 3839">
    <p class='ocr_par' dir='ltr' id='par_1_10' title="bbox 232 3769 1311 3839">
     <span class='ocr_line' id='line_1_30' title="bbox 232 3769 1311 3839; baseline 0.005 -22"><span class='ocrx_word' id='word_1_202' title='bbox 232 3794 236 3801; x_wconf 89' lang='lat'><em>-</em></span> <span class='ocrx_word' id='word_1_203' title='bbox 341 3770 406 3818; x_wconf 77' lang='lat' dir='ltr'><strong>torno</strong></span> <span class='ocrx_word' id='word_1_204' title='bbox 419 3769 451 3818; x_wconf 84' lang='lat' dir='ltr'><strong>to</strong></span> <span class='ocrx_word' id='word_1_205' title='bbox 463 3782 502 3818; x_wconf 80' lang='lat' dir='ltr'><strong>aas</strong></span> <span class='ocrx_word' id='word_1_206' title='bbox 518 3771 630 3832; x_wconf 61' lang='lat' dir='ltr'><strong>mustos,</strong></span> <span class='ocrx_word' id='word_1_207' title='bbox 643 3774 668 3818; x_wconf 89' lang='lat' dir='ltr'><strong>ct</strong></span> <span class='ocrx_word' id='word_1_208' title='bbox 681 3771 713 3818; x_wconf 74' lang='lat' dir='ltr'><strong>tle</strong></span> <span class='ocrx_word' id='word_1_209' title='bbox 726 3773 749 3820; x_wconf 85' lang='lat' dir='ltr'><strong>ts</strong></span> <span class='ocrx_word' id='word_1_210' title='bbox 762 3771 905 3832; x_wconf 73' lang='lat' dir='ltr'><strong>majesterio</strong></span> <span class='ocrx_word' id='word_1_211' title='bbox 921 3786 967 3821; x_wconf 80' lang='lat' dir='ltr'><strong>ron</strong></span> <span class='ocrx_word' id='word_1_212' title='bbox 984 3774 1172 3827; x_wconf 83' lang='lat' dir='ltr'><strong>raisonocmoot.</strong></span> <span class='ocrx_word' id='word_1_213' title='bbox 1187 3776 1282 3839; x_wconf 64' lang='lat' dir='ltr'><strong>affor·</strong></span> <span class='ocrx_word' id='word_1_214' title='bbox 1296 3781 1311 3804; x_wconf 65' lang='lat'>⁸</span> 
     </span>
    </p>
   </div>
   <div class='ocr_carea' id='block_1_9' title="bbox 340 3828 1275 3949">
    <p class='ocr_par' dir='ltr' id='par_1_11' title="bbox 340 3828 1275 3949">
     <span class='ocr_line' id='line_1_31' title="bbox 340 3828 1275 3949; baseline 0.014 -74"><span class='ocrx_word' id='word_1_215' title='bbox 340 3830 427 3936; x_wconf 39' lang='lat' dir='ltr'><strong>total&amp;</strong></span> <span class='ocrx_word' id='word_1_216' title='bbox 436 3828 478 3949; x_wconf 46' lang='lat' dir='ltr'><strong>{ot</strong></span> <span class='ocrx_word' id='word_1_217' title='bbox 489 3829 610 3888; x_wconf 65' lang='lat' dir='ltr'><strong>Nosnarrl,</strong></span> <span class='ocrx_word' id='word_1_218' title='bbox 621 3837 639 3878; x_wconf 85' lang='lat' dir='ltr'><strong>t.</strong></span> <span class='ocrx_word' id='word_1_219' title='bbox 652 3828 691 3888; x_wconf 77' lang='lat' dir='ltr'><strong>ll,</strong></span> <span class='ocrx_word' id='word_1_220' title='bbox 702 3843 728 3892; x_wconf 90' lang='lat' dir='ltr'><strong>p.</strong></span> <span class='ocrx_word' id='word_1_221' title='bbox 737 3829 785 3892; x_wconf 74' lang='lat' dir='ltr'><strong>tt.)</strong></span> <span class='ocrx_word' id='word_1_222' title='bbox 798 3847 809 3874; x_wconf 85' lang='lat' dir='ltr'><strong>r</strong></span> <span class='ocrx_word' id='word_1_223' title='bbox 820 3831 875 3915; x_wconf 71' lang='lat' dir='ltr'><strong>lton</strong></span> <span class='ocrx_word' id='word_1_224' title='bbox 887 3833 935 3879; x_wconf 84' lang='lat' dir='ltr'><strong>boo</strong></span> <span class='ocrx_word' id='word_1_225' title='bbox 948 3833 996 3882; x_wconf 82' lang='lat' dir='ltr'><strong>ami</strong></span> <span class='ocrx_word' id='word_1_226' title='bbox 1008 3835 1110 3885; x_wconf 73' lang='lat' dir='ltr'><strong>hostio.</strong></span> <span class='ocrx_word' id='word_1_227' title='bbox 1125 3854 1136 3882; x_wconf 86' lang='lat' dir='ltr'><strong>r</strong></span> <span class='ocrx_word' id='word_1_228' title='bbox 1150 3837 1209 3900; x_wconf 55' lang='grc'><strong>(14,</strong></span> <span class='ocrx_word' id='word_1_229' title='bbox 1218 3842 1236 3886; x_wconf 85' lang='lat' dir='ltr'><strong>l.</strong></span> <span class='ocrx_word' id='word_1_230' title='bbox 1245 3839 1275 3896; x_wconf 68' lang='grc' dir='ltr'><strong>Χ,</strong></span> 
     </span>
    </p>
   </div>
   <div class='ocr_carea' id='block_1_10' title="bbox 0 0 1524 4725">
    <p class='ocr_par' dir='ltr' id='par_1_12' title="bbox 0 0 1524 4725">
     <span class='ocr_line' id='line_1_32' title="bbox 0 0 1524 4725; baseline 0 0"><span class='ocrx_word' id='word_1_231' title='bbox 0 0 1524 4725; x_wconf 95' lang='lat' dir='ltr'><strong> </strong></span> 
     </span>
    </p>
   </div>
  </div>
 </body>
</html>
