3017 4725
592 808 915 948 carmel·
1024 797 1158 887 ,f

273 1109 356 1174 ourn
379 1110 425 1163 nn
448 1107 591 1162 naonurr
614 1105 652 1159 ur
675 1103 868 1159 natussum
893 1099 1105 1156 mnrsrenns
1228 1054 1233 1059 ⁷

507 1207 906 1271 sermomonem·
974 1242 979 1247 -
1079 1239 1082 1246 ·

268 1463 350 1537 Hae
373 1465 417 1538 de
444 1464 587 1537 Lucano
615 1483 710 1535 nuno
735 1459 915 1548 sentimus,
938 1456 1161 1551 divinamque

222 1573 390 1672 imprimis
409 1585 555 1672 partem,
578 1582 618 1644 ut
637 1570 683 1645 ita
700 1571 828 1661 diram,
847 1570 884 1642 in
903 1565 1080 1643 Pharsalia
1090 1585 1161 1638 non
1253 1621 1256 1626 .

223 1684 337 1784 magni
372 1684 531 1759 iacimus.
566 1682 658 1757 Num
698 1703 781 1755 vero
816 1678 986 1767 Romani,
1016 1674 1163 1750 Nemnis

223 1795 387 1893 aequales,
411 1796 541 1870 iliados
560 1803 622 1867 aut
644 1791 800 1865 AEneidis
824 1788 981 1879 numina,
1011 1786 1164 1885 perlecta

224 1906 416 1997 Pharsalia,
440 1903 700 1982 desiderabant?
723 1902 802 1975 Non
824 1900 869 1973 ad
889 1899 1026 1995 litteras
1050 1898 1163 1971 solum
1238 1987 1242 1992 .

228 2029 360 2116 spectat
372 2015 572 2113 hujusmodi
587 2011 761 2111 indagatio
775 2036 785 2084 ε
799 2009 978 2085 Pharsalia
994 2006 1088 2082 enim
1101 2029 1166 2081 nos

226 2127 400 2225 religionis
434 2145 604 2213 romanae,
636 2122 713 2197 rivo
739 2123 895 2211 Nerone,
924 2119 1166 2193 auctoritatem

229 2238 331 2312 dooet
343 2261 353 2309 ε
367 2244 484 2306 utrum
506 2230 600 2305 eninr
619 2231 766 2307 Romani
785 2242 870 2305 tune
887 2229 1053 2333 pietatem
1076 2227 1167 2302 anti·

227 2370 332 2446 quam
347 2341 461 2417 adhue
475 2352 621 2432 servent,
640 2365 763 2435 neone,
777 2341 946 2417 indicabit
963 2338 1061 2438 impii
1080 2362 1167 2439 poe·
1231 2339 1236 2349 '

228 2456 330 2532 matis
343 2471 505 2551 prospera
524 2450 672 2544 lortuna,
689 2466 751 2527 aut
764 2453 902 2551 repulsa
917 2477 928 2525 t
942 2473 1045 2550 porro
1057 2450 1167 2526 nemi·

229 2588 307 2641 nem
332 2573 415 2635 tuno
444 2571 567 2657 spreta
597 2584 618 2635 a
649 2564 790 2638 Lucano
821 2561 995 2660 religionis
1023 2585 1165 2637 causam

228 2676 391 2751 adversus
410 2681 546 2768 poetam
565 2670 688 2747 dixisse
706 2684 841 2749 eertum
858 2685 924 2750 est

273 2783 375 2871 Nam,
390 2780 418 2854 si
436 2780 533 2879 prius
548 2781 733 2877 posteriora
746 2785 984 2859 Romanorum
1001 2786 1045 2860 de
1058 2785 1167 2859 Phar·

229 2892 312 2969 salia
328 2888 474 2986 judicia,
491 2889 571 2963 dein
591 2892 736 2989 aqualia
753 2895 896 2970 Lucano
908 2895 1167 2972 testimoniain·
1255 2924 1263 2932 ·
1377 2872 1387 2895 ’

230 2997 407 3099 terpretari
429 2997 521 3090 lieet,
539 3022 650 3097 opere
662 3003 811 3099 pretium
830 3017 884 3079 est
897 3006 1166 3082 animadvertere

90 3143 93 3149 ·
231 3108 411 3207 Papinium
424 3106 586 3201 Statium,
602 3113 758 3208 quamvis
772 3113 926 3212 religioni
942 3117 1166 3214 potiusquam
1291 3173 1297 3179 -
1399 3189 1407 3197 „

231 3216 397 3317 impietati
415 3217 615 3310 studenter
638 3244 768 3316 grreoas
785 3248 1014 3323 romanasque
1032 3227 1168 3302 fabulas·

230 3328 354 3427 sapius
379 3327 550 3419 decantet,
579 3321 754 3407 tamenin
777 3336 909 3410 Lucani
933 3330 1072 3430 Genesi,
1095 3361 1167 3414 non
1271 3341 1277 3354 '

231 3439 343 3516 solum
362 3457 431 3512 non
444 3434 647 3536 vituperare,
666 3466 785 3519 verum
808 3448 912 3523 etiam
932 3471 977 3524 ne
997 3449 1070 3525 ulla
1089 3449 1169 3547 qui·
1284 3470 1308 3526 Α

102 3552 106 3561 ’
152 3656 155 3657 ᾗ
232 3550 311 3624 dem
323 3544 529 3623 oorreotione
542 3550 693 3627 adhibita
705 3554 1060 3636 dnnaeumlaudare¹.

132 3749 135 3755 -
261 3723 286 3774 l.
307 3740 318 3769 r
341 3721 390 3786 ¹⁶⁰
406 3735 454 3773 uon
473 3725 542 3817 potul
554 3727 667 3792 malorem
687 3734 749 3783 tanti
762 3738 867 3787 auctori·
886 3739 975 3790 nobee
996 3741 1167 3801 mma,
