3017 4725
632 496 635 501 .
660 509 700 522 -
718 478 739 537 3
756 506 797 523 -

152 681 158 692 ,
264 589 327 677 dit.
339 643 386 657 -
399 597 472 678 lloe
491 604 526 678 in
540 605 694 679 confesso
706 615 771 678 est.
785 604 913 677 Verum
927 603 963 676 in
978 589 1207 700 tanta'gratia·

204 753 206 756 ·
264 713 403 786 luerunt
413 725 449 787 et
471 725 574 811 poeta
595 715 689 810 apud
710 713 885 787 auditores
906 723 941 785 et
957 735 1082 809 poema
1103 714 1198 811 apud
1302 749 1306 755 ·

30 903 39 936 υ
107 826 130 916 Ἰ
180 914 182 918 ¹
264 823 421 914 lectores,
445 837 485 898 ut
504 824 637 919 liqueat
658 825 838 898 Lucanum
859 823 1031 919 hujusque
1047 825 1205 922 aequales⁸

264 934 307 1008 de
328 934 431 1008 rebus
449 934 654 1029 gravissimis
671 932 871 1008 summatim
889 933 1095 1025 consentire,
1112 939 1210 1032 prae

263 1044 364 1140 eipue
391 1066 470 1117 uero
491 1045 558 1118 hae
585 1044 628 1117 de
652 1066 690 1117 re
705 1068 715 1115 ι
732 1042 890 1140 Epicurei
913 1064 954 1117 ae
972 1043 1093 1133 Stoici,
1114 1045 1197 1119 olim

265 1154 301 1225 in
318 1152 449 1228 Graecia
468 1154 559 1228 inter
575 1177 611 1228 se
628 1154 801 1243 contrarii,
824 1154 957 1244 Romae,
972 1165 1043 1226 non
1060 1154 1198 1251 longius

266 1263 440 1361 inceptum
458 1263 543 1338 alibi
562 1263 694 1338 bellum
715 1264 1001 1366 instauraverant,
1020 1275 1057 1338 at
1077 1276 1199 1339 eontra
1238 1347 1245 1358 ,

264 1373 391 1462 loedus,
415 1373 510 1447 uerbi
542 1373 675 1468 gratim
712 1385 905 1448 sanxerant
932 1372 1073 1470 Epicuri
1105 1375 1198 1448 enirn

266 1483 352 1557 ratio
364 1504 406 1558 ae
418 1484 562 1558 Zenonis
575 1484 747 1574 doctrina,
764 1483 794 1557 si
814 1482 971 1567 intimam
983 1483 1108 1556 haruin
1119 1506 1200 1581 par·

267 1606 349 1683 tem,
365 1594 507 1692 dempto
524 1595 770 1669 vocabulorum
783 1594 926 1689 fulgore,
936 1594 1112 1684 scruteris,
1128 1618 1199 1669 non

265 1704 314 1777 ita
331 1703 420 1779 inter
432 1729 469 1779 se
486 1705 687 1780 abhorrent.
702 1706 787 1779 lnde
803 1726 939 1795 novam,
954 1716 994 1778 ut
1008 1703 1056 1777 ita
1070 1704 1198 1795 dicam,
1261 1698 1264 1704 ’
1374 1802 1381 1812 .

265 1815 537 1913 philosophiam,
571 1815 724 1889 medium
765 1815 949 1889 ambarum
978 1825 1013 1888 et
1038 1814 1201 1911 utrinque

266 1925 460 2014 reductum,
474 1926 502 1998 si
523 1925 792 1999 Flueei‘verbum
810 1924 962 2020 arripere
982 1925 1077 2013 lieet,
1091 1933 1201 2020 appa·

266 2035 373 2107 ruisse
386 2036 503 2108 eredo.
519 2035 626 2128 Cujus
642 2036 807 2108 momenti
823 2034 927 2124 luerit
947 2034 991 2108 ad
1005 2035 1199 2108 Romanam
1300 2090 1305 2099 .

268 2144 443 2239 pietatem,
458 2144 531 2217 vivo
549 2145 699 2233 Nerone,
713 2155 748 2217 et
763 2143 843 2217 inde
861 2144 904 2217 ad
918 2144 1061 2218 deornm
1081 2141 1199 2215 minis·

271 2253 354 2326 teria
367 2253 402 2348 in
414 2252 605 2343 Pharsalia,
625 2254 806 2328 enucleare
817 2253 982 2328 conabor.
1396 2261 1401 2269 ‘

312 2364 438 2438 Procul
464 2364 569 2438 dubio
596 2366 640 2440 de
667 2366 915 2461 Epicureorum
939 2351 991 2439 ae
1005 2364 1199 2438 Stoicorum

269 2473 449 2570 disciplina
460 2474 545 2546 nihil
565 2475 642 2549 novi
659 2476 774 2549 dicere
788 2476 940 2563 tentabo,
953 2497 1063 2570 quum
1076 2475 1203 2570 huiusf
1317 2572 1326 2581 „

268 2585 361 2659 modi
380 2584 424 2658 de
443 2585 598 2674 materia,
615 2585 911 2683 diligentissimea
929 2583 1052 2659 nostris
1066 2606 1201 2680 perres-

215 2735 218 2739 ·
268 2694 385 2790 tigata,
401 2694 430 2768 si
450 2697 534 2791 quid
549 2695 627 2807 novi
642 2718 826 2785 asseveres,
842 2694 946 2768 simul
969 2694 1101 2789 aliquid
1122 2692 1200 2766 falsi

267 2806 372 2879 diea's.
388 2805 742 2902 Acceptasopiniones
751 2828 842 2903 srepe
849 2805 1060 2896 memorabo,
1072 2804 1199 2899 sepius

75 2901 80 2909 ⁸
208 2908 215 2914 ’
266 2916 370 3000 etiam
397 2916 527 2989 indicto
558 2929 709 2991 auctore.
736 2916 870 2989 Etenim
901 2938 965 2989 eur
992 2915 1112 3001 libros,
1139 2912 1199 3008 qui

267 3024 370 3098 simul
391 3037 426 3098 et
447 3025 484 3097 in
509 3027 669 3099 manibus
689 3025 759 3100 sint
780 3037 815 3100 et
839 3027 998 3098 haereant·
1009 3023 1198 3112 mentibus,

151 3174 154 3181 ·
267 3134 463 3228 designem?
483 3135 553 3209 Cur
572 3136 747 3226 laudibus,
769 3158 856 3231 quas
878 3134 1011 3208 debitas
1033 3132 1136 3207 simul
1157 3153 1258 3205 ae·
1393 3188 1399 3196 .

267 3244 432 3341 gratuitas
457 3245 531 3341 jam
567 3256 789 3342 aeceperunt,
820 3235 942 3319 laudes
969 3243 1098 3318 addam
1125 3241 1199 3338 ipse

267 3367 475 3453 quaestrrosas
490 3355 777 3452 meritoriasque‘l

314 3466 432 3540 Liceat
444 3465 592 3560 denique
607 3487 748 3540 causam
769 3464 973 3539 elocutionis
986 3486 1073 3537 meae
1092 3462 1201 3537 susei·
1232 3545 1241 3560 ι
1327 3550 1333 3563 ¹

268 3597 359 3671 pere.
378 3575 455 3647 Non
473 3572 689 3669 elegantiam,
711 3573 770 3646 sed
791 3573 959 3670 imprimis
977 3571 1202 3669 perspieuitn·

268 3697 351 3772 tem,
365 3683 467 3757 etiam
480 3682 653 3780 illepidam
666 3706 706 3757 ae
714 3684 883 3781 jejunam,
897 3682 982 3756 mihi
993 3681 1201 3778 captandam

163 3806 167 3811 '
268 3815 342 3886 esse
362 3792 470 3865 risum
491 3793 628 3867 estid
642 3795 718 3883 hoe,
733 3795 802 3867 hue
816 3792 900 3867 illue
915 3793 1124 3889 irrepserunt
1136 3791 1203 3864 ali·
