3017 4725
736 573 776 587 ..
794 541 813 602 2
831 569 871 584 ..

308 668 311 671 ’
337 676 615 771 magicasartes,
638 692 716 768 qun
738 662 914 763 religionis
934 660 1142 762 pietatisque
1164 659 1276 735 naam

337 785 509 860 obtinent.
983 775 985 780 ’
1146 810 1150 819 ·

382 895 437 970 hd
450 895 532 984 hoo,
546 888 696 967 serenius
712 887 756 962 de
768 886 911 960 Luoana
921 880 1093 980 judicium
1103 878 1200 966 laoit,
1214 878 1275 975 qui

337 1005 542 1102 profiteatur
559 997 773 1075 Pharsaliam
793 994 936 1068 taedium
957 992 1112 1065 allerre¹.
1133 988 1187 1063 Ab
1208 988 1277 1061 hu·

333 1111 488 1210 jusmodi
513 1107 682 1185 serrantia
708 1106 895 1180 abhorrere
918 1101 1011 1191 licet,
1037 1111 1073 1175 et
1098 1099 1213 1197 potius
1238 1097 1277 1182 in,

338 1223 544 1299 sententiam
570 1229 679 1317 poeta
709 1216 754 1290 de
780 1223 882 1312 poeta
913 1210 1103 1309 judicantis
1136 1209 1275 1284 deseen-

337 1330 459 1408 (lere'.
489 1367 515 1403 ·.
775 1398 779 1404 .

382 1442 554 1516 (laetentur
576 1438 682 1512 Gallis
701 1439 746 1512 de
766 1436 924 1509 Romana
946 1432 1113 1530 scriptore
1135 1443 1275 1506 senten·

336 1551 420 1625 tiam
447 1571 514 1623 nan
546 1548 698 1650 dandam
714 1566 809 1619 'asse
844 1543 1023 1617 confiteor.
1054 1540 1277 1628 Quidnam?

336 1662 458 1735 Nonne
476 1657 703 1745 Pharsaliam,
720 1656 857 1729 Nerone
876 1652 1081 1749 imperante,
1103 1650 1275 1744 iuratque

338 1769 516 1866 probatam
532 1766 638 1840 luisse
658 1764 820 1839 canstat?
833 1761 927 1847 Quas
940 1760 985 1836 ab
1004 1782 1126 1834 causas
1144 1760 1190 1834 ad
1211 1759 1274 1833 (le-

338 1877 553 1953 leotatianem
568 1875 765 1949 auditarum
778 1883 880 1970 aptus
892 1871 958 1944 luit
971 1870 1105 1944 Luoani
1118 1869 1231 1948 liber?

336 2006 340 2013 ’
382 1986 508 2062 Omnia
532 2007 610 2082 qnae
629 1985 673 2059 ad
697 2005 774 2056 rem
799 1981 974 2078 publicam
998 1979 1049 2053 vel
1070 1979 1115 2053 ad
1140 1979 1273 2051 litteras
1340 1991 1342 1994 ’

242 2178 246 2185 ,
265 2139 268 2144 >
337 2097 450 2172 salum
467 2096 501 2167 in
515 2093 696 2168 Pharsalia
711 2102 885 2188 spectant,
900 2090 1031 2187 quippe
1043 2112 1120 2185 quae
1133 2088 1276 2163 barrem

338 2205 527 2302 composite
553 2226 575 2277 a
602 2200 831 2298 grammatica
857 2224 962 2297 quem
996 2222 1101 2297 supra
1129 2199 1275 2296 indicavi

335 2317 513 2391 elaborata
540 2314 626 2405 sint,
641 2311 916 2410 praetermittam,
932 2312 1026 2387 laoos
1046 2311 1106 2409 qui
1132 2311 1175 2386 ad
1198 2310 1277 2385 reli·

274 2523 278 2529 .
336 2428 473 2524 glanem
487 2422 812 2523 philosophiamque
824 2422 1019 2519 pertineant
1032 2424 1274 2500 tantammodo

337 2535 629 2611 consideraturus.
682 2564 685 2570 ·
930 2590 932 2593 .
1165 2550 1169 2555 ·

384 2643 576 2730 Pharsalia,
594 2645 696 2740 enjus
713 2642 863 2716 laumam
877 2641 1072 2737 vituperare
1097 2641 1191 2729 lieet,
1207 2645 1277 2719 leo·
1343 2650 1348 2660 ’

338 2756 433 2844 taris,
458 2753 646 2828 dummodo
666 2752 836 2847 poommis
854 2751 999 2835 unsara,
1019 2763 1061 2825 ut
1079 2753 1127 2826 ita
1146 2754 1273 2845 (lisam,
1320 2756 1326 2765 '
1453 2849 1457 2856 ι

338 2865 552 2952 consideret,
573 2861 718 2958 gratiam
745 2862 963 2957 latoremque
991 2861 1057 2936 sibi
1085 2864 1273 2939 oanoiliat:

338 2974 422 3070 quid
442 2973 532 3046 enirn
555 2970 656 3067 hujus
688 2971 854 3067 temporis
874 2971 1033 3046 homines
1058 2973 1102 3048 de
1130 2973 1197 3049 (liis
1223 2976 1275 3050 rel

338 3084 381 3156 do
395 3081 613 3180 philosophia
630 3082 811 3168 senserint,
832 3103 896 3155 nas
911 3093 1042 3156 manet.
1060 3124 1109 3140 -
1121 3085 1165 3159 At
1181 3086 1276 3160 enirn

338 3193 500 3266 Lucanus
526 3213 593 3264 nan
624 3190 737 3263 solum
764 3190 913 3264 aliarum
942 3191 1134 3267 doctrinam
1158 3198 1276 3286 refert,

338 3324 456 3375 verum
475 3299 643 3396 imprimis
661 3299 838 3397 propriam
857 3299 983 3375 sibiae
1003 3302 1214 3398 peculiarem
1233 3306 1277 3381 de

338 3410 502 3506 religione
516 3433 557 3484 ao
571 3409 853 3506 philosophorum
869 3410 1009 3485 familiis
1025 3412 1194 3486 rationem
1208 3426 1277 3489 tra-
1403 3489 1406 3498 ,

369 3588 391 3637 l.
405 3588 456 3636 «lo
467 3600 529 3636 sarra
538 3586 664 3649 expliquer
677 3593 800 3637 comment
809 3603 866 3638 arec
875 3590 908 3639 ala
916 3591 1022 3653 granatae
1075 3544 1139 3652 uter,
1147 3596 1173 3641 et
1185 3591 1233 3642 mal

197 3672 202 3683 ·
339 3648 369 3696 ale
384 3649 488 3710 marala·
500 3646 609 3705 mantia,
617 3647 642 3695 la
656 3646 774 3697 Pharsalo
785 3655 824 3698 ost
837 3663 870 3698 nn
883 3650 946 3699 llere
957 3591 1096 3714 ennuffin
1112 3652 1171 3711 nse.
1184 3649 1236 3702 tlt.

367 3706 392 3754 2.
410 3723 421 3751 ι
437 3708 467 3754 ιο
478 3706 548 3767 poeta
561 3706 660 3760 lrraaln,
676 3708 737 3754 alant
749 3709 773 3756 la
784 3708 878 3756 lactura
889 3710 935 3757 m’a
946 3711 1024 3759 ronln
1034 3711 1055 3759 ai
1066 3723 1200 3761 amanrenx
1213 3713 1245 3761 tle
1253 3713 1277 3762 la

28 3756 31 3763 “
127 3752 129 3758 ’
231 3788 234 3794 ·
340 3765 404 3813 lorea
418 3765 501 3813 derat
516 3765 628 3827 mnsam,
641 3769 666 3812 et
679 3767 711 3813 ola
724 3768 748 3815 la
761 3767 904 3828 majesterio
920 3782 965 3818 aon
983 3770 1171 3821 raisonaonront.
1185 3788 1197 3818 a
1210 3773 1281 3836 (t'ar-
1295 3779 1309 3802 “

339 3825 425 3930 ξοῆΙιΙί·εὶ
434 3823 476 3944 ξύ.
487 3824 607 3883 llonnrrrrl,
619 3832 637 3873 t.
651 3824 689 3883 ll,
700 3839 727 3887 p.
736 3824 784 3888 ll.)
797 3842 808 3870 r
819 3827 873 3909 llon
885 3829 934 3875 han
946 3829 995 3878 aml
1007 3832 1108 3882 lumin.
1124 3851 1135 3879 r
1149 3834 1207 3896 (le.
1216 3839 1234 3883 t
1244 3836 1273 3893 t.
